<?xml version='1.0' encoding='utf-8'?>
<record xmlns="http://www.loc.gov/MARC21/slim" xmlns:xsi="http://www.w3.org/2001/XMLSchema-instance">
  <leader>00000nacaa22008531a^4500</leader>
  <controlfield tag="001">002748017</controlfield>
  <controlfield tag="005">20151021153303.0</controlfield>
  <controlfield tag="008">950110m195119uumiu^^^^^^^^^^^000^0^eng^d</controlfield>
  <datafield tag="035" ind1=" " ind2=" ">
    <subfield code="a">(RLIN)MIUV92-B333</subfield>
  </datafield>
  <datafield tag="035" ind1=" " ind2=" ">
    <subfield code="a">(OCoLC)702899240</subfield>
  </datafield>
  <datafield tag="040" ind1=" " ind2=" ">
    <subfield code="a">MiU-H</subfield>
    <subfield code="c">MiU-H</subfield>
    <subfield code="d">MiU-H</subfield>
  </datafield>
  <datafield tag="245" ind1="0" ind2="0">
    <subfield code="a">[Ann Arbor (Mich.) planning consultants' reports].</subfield>
  </datafield>
  <datafield tag="260" ind1=" " ind2=" ">
    <subfield code="c">1951-1993.</subfield>
  </datafield>
  <datafield tag="300" ind1=" " ind2=" ">
    <subfield code="a">3 linear ft.</subfield>
  </datafield>
  <datafield tag="555" ind1="0" ind2=" ">
    <subfield code="a">Finding aid in the library.</subfield>
  </datafield>
  <datafield tag="555" ind1="0" ind2=" ">
    <subfield code="a">Finding aid via World Wide Web at URL: http://quod.lib.umich.edu/cgi/f/findaid/findaid-idx?c=bhlead&amp;idno=umich-bhl-95114</subfield>
  </datafield>
  <datafield tag="651" ind1=" " ind2="0">
    <subfield code="a">Ann Arbor (Mich.)</subfield>
    <subfield code="x">Economic conditions.</subfield>
  </datafield>
  <datafield tag="650" ind1=" " ind2="0">
    <subfield code="a">City planning</subfield>
    <subfield code="z">Michigan</subfield>
    <subfield code="z">Ann Arbor.</subfield>
  </datafield>
  <datafield tag="650" ind1=" " ind2="0">
    <subfield code="a">Transportation</subfield>
    <subfield code="z">Michigan</subfield>
    <subfield code="z">Ann Arbor</subfield>
    <subfield code="x">Planning.</subfield>
  </datafield>
  <datafield tag="700" ind1="1" ind2=" ">
    <subfield code="a">Ahern, Richard D.</subfield>
  </datafield>
  <datafield tag="700" ind1="1" ind2=" ">
    <subfield code="a">Barnes, Douglas.</subfield>
  </datafield>
  <datafield tag="700" ind1="1" ind2=" ">
    <subfield code="a">Byrd, David R.</subfield>
  </datafield>
  <datafield tag="700" ind1="1" ind2=" ">
    <subfield code="a">Dykema, James.</subfield>
  </datafield>
  <datafield tag="700" ind1="1" ind2=" ">
    <subfield code="a">Griffin, Denise.</subfield>
  </datafield>
  <datafield tag="700" ind1="1" ind2=" ">
    <subfield code="a">Hoffman, L. Wallace.</subfield>
  </datafield>
  <datafield tag="700" ind1="1" ind2=" ">
    <subfield code="a">Johnson, William J.</subfield>
  </datafield>
  <datafield tag="700" ind1="1" ind2=" ">
    <subfield code="a">Palmer, John S.</subfield>
  </datafield>
  <datafield tag="700" ind1="1" ind2=" ">
    <subfield code="a">Pelz, Donald Campbell,</subfield>
    <subfield code="d">1921-</subfield>
  </datafield>
  <datafield tag="700" ind1="1" ind2=" ">
    <subfield code="a">Quinn, Robert P.</subfield>
  </datafield>
  <datafield tag="700" ind1="1" ind2=" ">
    <subfield code="a">Reid, Lloyd B.</subfield>
  </datafield>
  <datafield tag="700" ind1="1" ind2=" ">
    <subfield code="a">Sullivan, Carol.</subfield>
  </datafield>
  <datafield tag="700" ind1="1" ind2=" ">
    <subfield code="a">Zeidman, Fred.</subfield>
  </datafield>
  <datafield tag="710" ind1="2" ind2=" ">
    <subfield code="a">Alan M. Voorhees &amp; Associates.</subfield>
  </datafield>
  <datafield tag="710" ind1="2" ind2=" ">
    <subfield code="a">Ann Arbor Municipal Airport Advisory Committee.</subfield>
  </datafield>
  <datafield tag="710" ind1="2" ind2=" ">
    <subfield code="a">Ann Arbor Tomorrow.</subfield>
  </datafield>
  <datafield tag="710" ind1="2" ind2=" ">
    <subfield code="a">Atwell-Hicks.</subfield>
  </datafield>
  <datafield tag="710" ind1="2" ind2=" ">
    <subfield code="a">Ayres, Lewis, Norris, and May.</subfield>
  </datafield>
  <datafield tag="710" ind1="2" ind2=" ">
    <subfield code="a">Barton-Aschman Associates.</subfield>
  </datafield>
  <datafield tag="710" ind1="2" ind2=" ">
    <subfield code="a">Beckett Raeder Rankin Inc.</subfield>
  </datafield>
  <datafield tag="710" ind1="2" ind2=" ">
    <subfield code="a">BRH Mobility Services Company.</subfield>
  </datafield>
  <datafield tag="710" ind1="2" ind2=" ">
    <subfield code="a">Brewer Engineering.</subfield>
  </datafield>
  <datafield tag="710" ind1="2" ind2=" ">
    <subfield code="a">Colvin-Robinson Associates.</subfield>
  </datafield>
  <datafield tag="710" ind1="1" ind2=" ">
    <subfield code="a">Ann Arbor (Mich.).</subfield>
    <subfield code="b">Community Planning and Management.</subfield>
  </datafield>
  <datafield tag="710" ind1="2" ind2=" ">
    <subfield code="a">Community Systems Foundation.</subfield>
  </datafield>
  <datafield tag="710" ind1="2" ind2=" ">
    <subfield code="a">Economics Research Associates.</subfield>
  </datafield>
  <datafield tag="710" ind1="2" ind2=" ">
    <subfield code="a">Eisenhower Community Council.</subfield>
  </datafield>
  <datafield tag="710" ind1="2" ind2=" ">
    <subfield code="a">Ford Motor Company.</subfield>
    <subfield code="b">Transportation Research and Planning Office.</subfield>
  </datafield>
  <datafield tag="710" ind1="2" ind2=" ">
    <subfield code="a">Harland Bartholomew &amp; Associates.</subfield>
  </datafield>
  <datafield tag="710" ind1="2" ind2=" ">
    <subfield code="a">Hellmuth, Obata &amp; Kassabaum.</subfield>
  </datafield>
  <datafield tag="710" ind1="2" ind2=" ">
    <subfield code="a">Herrmann Holman Meneghini Overhiser.</subfield>
  </datafield>
  <datafield tag="710" ind1="2" ind2=" ">
    <subfield code="a">Hubbell, Roth and Clark.</subfield>
  </datafield>
  <datafield tag="710" ind1="2" ind2=" ">
    <subfield code="a">Johnson &amp; Anderson.</subfield>
  </datafield>
  <datafield tag="710" ind1="2" ind2=" ">
    <subfield code="a">Johnson, Johnson &amp; Roy.</subfield>
  </datafield>
  <datafield tag="710" ind1="2" ind2=" ">
    <subfield code="a">Jones &amp; Henry Engineers.</subfield>
  </datafield>
  <datafield tag="710" ind1="2" ind2=" ">
    <subfield code="a">McNamee, Porter, and Seeley.</subfield>
  </datafield>
  <datafield tag="710" ind1="2" ind2=" ">
    <subfield code="a">Metro Engineers, Inc.</subfield>
  </datafield>
  <datafield tag="710" ind1="2" ind2=" ">
    <subfield code="a">Preservation Urban Design Incorporated.</subfield>
  </datafield>
  <datafield tag="710" ind1="2" ind2=" ">
    <subfield code="a">Ralph M. Parsons Company.</subfield>
  </datafield>
  <datafield tag="710" ind1="2" ind2=" ">
    <subfield code="a">Reid and Cool (Firm)</subfield>
  </datafield>
  <datafield tag="710" ind1="2" ind2=" ">
    <subfield code="a">Residents Against Packard Platt Plaza.</subfield>
  </datafield>
  <datafield tag="710" ind1="2" ind2=" ">
    <subfield code="a">Sanders &amp; Thomas.</subfield>
  </datafield>
  <datafield tag="710" ind1="2" ind2=" ">
    <subfield code="a">Schimpeler-Corradino Associates.</subfield>
  </datafield>
  <datafield tag="710" ind1="2" ind2=" ">
    <subfield code="a">Technical Network Inc.</subfield>
  </datafield>
  <datafield tag="710" ind1="2" ind2=" ">
    <subfield code="a">TransPlan, Inc.</subfield>
  </datafield>
  <datafield tag="710" ind1="2" ind2=" ">
    <subfield code="a">W.C. Gilman &amp; Co.</subfield>
  </datafield>
  <datafield tag="710" ind1="2" ind2=" ">
    <subfield code="a">Wayne C. Johnson &amp; Associates.</subfield>
  </datafield>
  <datafield tag="710" ind1="2" ind2=" ">
    <subfield code="a">Zuchelli, Hunter &amp; Associates.</subfield>
  </datafield>
  <datafield tag="700" ind1="1" ind2=" ">
    <subfield code="a">Billetdeaux, Neal.</subfield>
  </datafield>
  <datafield tag="710" ind1="2" ind2=" ">
    <subfield code="a">BRW Inc.</subfield>
  </datafield>
  <datafield tag="710" ind1="2" ind2=" ">
    <subfield code="a">R.W. Beck and Associates.</subfield>
  </datafield>
  <datafield tag="710" ind1="2" ind2=" ">
    <subfield code="a">Pollack Design Associates.</subfield>
  </datafield>
  <datafield tag="700" ind1="1" ind2=" ">
    <subfield code="a">Phillips, Sandra E.</subfield>
  </datafield>
  <datafield tag="710" ind1="2" ind2=" ">
    <subfield code="a">Midwestern Consulting, Inc.</subfield>
  </datafield>
  <datafield tag="856" ind1="4" ind2="2">
    <subfield code="3">Finding aid:</subfield>
    <subfield code="u">http://quod.lib.umich.edu/cgi/f/findaid/findaid-idx?c=bhlead&amp;idno=umich-bhl-95114</subfield>
  </datafield>
  <datafield tag="852" ind1="8" ind2=" ">
    <subfield code="a">MiU-H</subfield>
    <subfield code="b">BENT</subfield>
    <subfield code="h">95114 Aa 2 Box 1</subfield>
  </datafield>
  <datafield tag="852" ind1="8" ind2=" ">
    <subfield code="a">MiU-H</subfield>
    <subfield code="b">BENT</subfield>
    <subfield code="h">95114 Aa 2 Box 3</subfield>
  </datafield>
  <datafield tag="852" ind1="8" ind2=" ">
    <subfield code="a">MiU-H</subfield>
    <subfield code="b">BENT</subfield>
    <subfield code="h">95114 Aa 2 Box 2</subfield>
  </datafield>
  <datafield tag="997" ind1=" " ind2=" ">
    <subfield code="a">MARS</subfield>
  </datafield>
  <datafield tag="998" ind1=" " ind2=" ">
    <subfield code="c">LAC</subfield>
    <subfield code="s">9114</subfield>
  </datafield>
  <datafield tag="955" ind1=" " ind2=" ">
    <subfield code="b">BENT</subfield>
    <subfield code="p">39015071845270</subfield>
    <subfield code="z">Author unknown, The Huron River Valley study. [196-]</subfield>
  </datafield>
  <datafield tag="955" ind1=" " ind2=" ">
    <subfield code="b">BENT</subfield>
    <subfield code="p">39015071845288</subfield>
    <subfield code="z">Author unknown, Research Park Service Center: a planned unit development, [n.d.]</subfield>
  </datafield>
  <datafield tag="955" ind1=" " ind2=" ">
    <subfield code="b">BENT</subfield>
    <subfield code="p">39015071845296</subfield>
    <subfield code="z">Ahern, Richard D., Thirty high: a survey of the potential of properties owned, optioned, or controlled by the Ann Arbor apartments trust, relative to their surrounding environs, 1965</subfield>
  </datafield>
  <datafield tag="955" ind1=" " ind2=" ">
    <subfield code="b">BENT</subfield>
    <subfield code="p">39015071845304</subfield>
    <subfield code="z">Ahern, Richard D., A critique of the Central city high-rise and parking report. July 1965</subfield>
  </datafield>
  <datafield tag="955" ind1=" " ind2=" ">
    <subfield code="b">BENT</subfield>
    <subfield code="p">39015071845312</subfield>
    <subfield code="z">Alan M. Voorhees &amp; Associates, in association with Economic Research Associates, Ann Arbor circulation study: prepared for city of Ann Arbor, Michigan, 1974-1975. June 1975</subfield>
  </datafield>
  <datafield tag="955" ind1=" " ind2=" ">
    <subfield code="b">BENT</subfield>
    <subfield code="p">39015071845320</subfield>
    <subfield code="z">Ann Arbor Municipal Airport Advisory Committee, A study of the Ann Arbor Municipal Airport. Apr. 1962</subfield>
  </datafield>
  <datafield tag="955" ind1=" " ind2=" ">
    <subfield code="b">BENT</subfield>
    <subfield code="p">39015071845338</subfield>
    <subfield code="z">Ann Arbor Mutual Housing Association, The Kemnitz Center, Senior Housing &amp; Activities Center: proposal for redevelopment of The Ann Arbor Inn, 1993</subfield>
  </datafield>
  <datafield tag="955" ind1=" " ind2=" ">
    <subfield code="b">BENT</subfield>
    <subfield code="p">39015071845346</subfield>
    <subfield code="z">Ann Arbor Tomorrow, Downtown evening-use survey, by Fred Zeidman. Mar. 1974</subfield>
  </datafield>
  <datafield tag="955" ind1=" " ind2=" ">
    <subfield code="b">BENT</subfield>
    <subfield code="p">39015071845353</subfield>
    <subfield code="z">Ann Arbor Tomorrow, Carpooling in downtown: background and feasability for a carpool demonstration program in Ann Arbor, Michigan, 1979</subfield>
  </datafield>
  <datafield tag="955" ind1=" " ind2=" ">
    <subfield code="b">BENT</subfield>
    <subfield code="p">39015071845361</subfield>
    <subfield code="z">Ann Arbor Tomorrow, Renovating upper stories: housing in the downtown, Ann Arbor, Michigan. Apr. 1978</subfield>
  </datafield>
  <datafield tag="955" ind1=" " ind2=" ">
    <subfield code="b">BENT</subfield>
    <subfield code="p">39015071845379</subfield>
    <subfield code="z">Ann Arbor Tomorrow, Annual report. 1977/1978</subfield>
  </datafield>
  <datafield tag="955" ind1=" " ind2=" ">
    <subfield code="b">BENT</subfield>
    <subfield code="p">39015071845387</subfield>
    <subfield code="z">Ann Arbor Tomorrow, Ann Arbor circulation study: a summary of the position of the Ann Arbor tomorrow Advisory Council on recommendations afecting the downtown. July 1, 1975</subfield>
  </datafield>
  <datafield tag="955" ind1=" " ind2=" ">
    <subfield code="b">BENT</subfield>
    <subfield code="p">39015071845395</subfield>
    <subfield code="z">Arbor Main Associates, Arbor Main Place: a downtown anchor, [1985] (2 different versions)</subfield>
  </datafield>
  <datafield tag="955" ind1=" " ind2=" ">
    <subfield code="b">BENT</subfield>
    <subfield code="p">39015071845403</subfield>
    <subfield code="z">Arbor Main Associates, Arbor Main Place: a downtown anchor, [1985] (2 different versions)</subfield>
  </datafield>
  <datafield tag="955" ind1=" " ind2=" ">
    <subfield code="b">BENT</subfield>
    <subfield code="p">39015071845411</subfield>
    <subfield code="z">Arbor Main Associates, Proposal for development on city-owned property at Packard and Main Streets, 1987</subfield>
  </datafield>
  <datafield tag="955" ind1=" " ind2=" ">
    <subfield code="b">BENT</subfield>
    <subfield code="p">39015071845429</subfield>
    <subfield code="z">Arbor Main Associates, Arbor Main Place: a multiple purpose facility, [1986]</subfield>
  </datafield>
  <datafield tag="955" ind1=" " ind2=" ">
    <subfield code="b">BENT</subfield>
    <subfield code="p">39015071845437</subfield>
    <subfield code="z">Atwell-Hicks, Sanitary sewer study of the area bounded by Plymouth Road, Traver Creek, Dhu Varren Road and the divide easterly. June 1958</subfield>
  </datafield>
  <datafield tag="955" ind1=" " ind2=" ">
    <subfield code="b">BENT</subfield>
    <subfield code="p">39015071845445</subfield>
    <subfield code="z">Ayres, Lewis, Norris &amp; May, A report on the city owned Huron River dams improvement and reconstruction recommendations. Mar. 1969</subfield>
  </datafield>
  <datafield tag="955" ind1=" " ind2=" ">
    <subfield code="b">BENT</subfield>
    <subfield code="p">39015071845452</subfield>
    <subfield code="z">Barnes, Douglas, et al., Hill Street: investigation of the planning process in Ann Arbor. Apr. 1972</subfield>
  </datafield>
  <datafield tag="955" ind1=" " ind2=" ">
    <subfield code="b">BENT</subfield>
    <subfield code="p">39015071845460</subfield>
    <subfield code="z">Barton-Aschman Associates, Evaluation of alternative transit concepts [for Ann Arbor Transportation Authority]. Jan. 1979.</subfield>
  </datafield>
  <datafield tag="955" ind1=" " ind2=" ">
    <subfield code="b">BENT</subfield>
    <subfield code="p">39015071845478</subfield>
    <subfield code="z">Barton-Aschman Associates, Ann Arbor Urban Area transportation study: proposed bikeway system. May 1974</subfield>
  </datafield>
  <datafield tag="955" ind1=" " ind2=" ">
    <subfield code="b">BENT</subfield>
    <subfield code="p">39015071845486</subfield>
    <subfield code="z">Barton-Aschman Associates, A transportation plan for the Ann Arbor Ypsilanti urbanized area. July 1975</subfield>
  </datafield>
  <datafield tag="955" ind1=" " ind2=" ">
    <subfield code="b">BENT</subfield>
    <subfield code="p">39015071845494</subfield>
    <subfield code="z">Beckett and Raeder Inc., Dominoâs Farms: Dominoâs Pizza Incorporated, World Headquarters, proposed development plan, 1983</subfield>
  </datafield>
  <datafield tag="955" ind1=" " ind2=" ">
    <subfield code="b">BENT</subfield>
    <subfield code="p">39015071845502</subfield>
    <subfield code="z">Beckett Raeder Rankin, A Study for the Eastern Michigan University, Saint Joseph Mercy Hospital, Washtenaw Community College corridor. June 1979</subfield>
  </datafield>
  <datafield tag="955" ind1=" " ind2=" ">
    <subfield code="b">BENT</subfield>
    <subfield code="p">39015071845510</subfield>
    <subfield code="z">Billetdeaux, Neal, Brooke Farquhar, and Patricia Lang, North Main Street corridor: introduction and overview. Feb. 16, 1987</subfield>
  </datafield>
  <datafield tag="955" ind1=" " ind2=" ">
    <subfield code="b">BENT</subfield>
    <subfield code="p">39015071845528</subfield>
    <subfield code="z">Brewer Engineering, Master plan report: Ann Arbor Municipal Airport--Ann Arbor, Michigan. Sept. 1969</subfield>
  </datafield>
  <datafield tag="955" ind1=" " ind2=" ">
    <subfield code="b">BENT</subfield>
    <subfield code="p">39015071845536</subfield>
    <subfield code="z">BRH Mobility Services Company, Ann Arbor New-Tran basic project plan: report to Ann Arbor Transportation Authority. Dec. 1973</subfield>
  </datafield>
  <datafield tag="955" ind1=" " ind2=" ">
    <subfield code="b">BENT</subfield>
    <subfield code="p">39015071845544</subfield>
    <subfield code="z">BRW, Inc., Ann Arbor transportation plan. Nov. 1990</subfield>
  </datafield>
  <datafield tag="955" ind1=" " ind2=" ">
    <subfield code="b">BENT</subfield>
    <subfield code="p">39015071845551</subfield>
    <subfield code="z">Building Officials Conference of America, A study of code enforcement in the city of Ann Arbor, Michigan. Feb. 1969</subfield>
  </datafield>
  <datafield tag="955" ind1=" " ind2=" ">
    <subfield code="b">BENT</subfield>
    <subfield code="p">39015071845569</subfield>
    <subfield code="z">Byrd, David R., The challenge of change. 1968</subfield>
  </datafield>
  <datafield tag="955" ind1=" " ind2=" ">
    <subfield code="b">BENT</subfield>
    <subfield code="p">39015071845577</subfield>
    <subfield code="z">Colvin, Robinson, Wright &amp; Associates, City of Ann Arbor, Mich. Washington St.-Fourth Ave. parking structure, n.d.</subfield>
  </datafield>
  <datafield tag="955" ind1=" " ind2=" ">
    <subfield code="b">BENT</subfield>
    <subfield code="p">39015071845585</subfield>
    <subfield code="z">Community Systems Foundation, A planning programming budgeting system for the city of Ann Arbor: two years progress in implementation. [1970?]</subfield>
  </datafield>
  <datafield tag="955" ind1=" " ind2=" ">
    <subfield code="b">BENT</subfield>
    <subfield code="p">39015071845593</subfield>
    <subfield code="z">Dykema, James, et al., An Economic analysis of the Liberty Street corridor for Ann Arbor Tomorrow. Dec. 1976</subfield>
  </datafield>
  <datafield tag="955" ind1=" " ind2=" ">
    <subfield code="b">BENT</subfield>
    <subfield code="p">39015071845601</subfield>
    <subfield code="z">Eberle M. Smith Associates, Inc., Proposed parking deck, Ann Arbor, Michigan, [1969]</subfield>
  </datafield>
  <datafield tag="955" ind1=" " ind2=" ">
    <subfield code="b">BENT</subfield>
    <subfield code="p">39015071845619</subfield>
    <subfield code="z">Economic Research Associates, Analysis of future growth potential in the central circulation district in Ann Arbor, Michigan: prepared for Alan M. Voorhees and Associates. Mar. 1974</subfield>
  </datafield>
  <datafield tag="955" ind1=" " ind2=" ">
    <subfield code="b">BENT</subfield>
    <subfield code="p">39015071845627</subfield>
    <subfield code="z">Eisenhower Community Council, and Johnson, William J., Community values and thoroughfare planning. Apr. 1973</subfield>
  </datafield>
  <datafield tag="955" ind1=" " ind2=" ">
    <subfield code="b">BENT</subfield>
    <subfield code="p">39015071845635</subfield>
    <subfield code="z">First Centrum Corporation,  [Redevelopment proposal for the Ann Arbor Inn], 1993</subfield>
  </datafield>
  <datafield tag="955" ind1=" " ind2=" ">
    <subfield code="b">BENT</subfield>
    <subfield code="p">39015071845643</subfield>
    <subfield code="z">Ford Motor Company. Transportation Research and Planning Office, Interim report: Teltran facilities requirements: prepared for the Ann Arbor Transportation Authority. Sept. 1973</subfield>
  </datafield>
  <datafield tag="955" ind1=" " ind2=" ">
    <subfield code="b">BENT</subfield>
    <subfield code="p">39015071845650</subfield>
    <subfield code="z">Harland Bartholomew and Associates, A Traffic and parking analysis: the Ann Arbor thoroughfare plan in relation to University of Michigan Central Campus study: prepared for City of Ann Arbor, Universi</subfield>
  </datafield>
  <datafield tag="955" ind1=" " ind2=" ">
    <subfield code="b">BENT</subfield>
    <subfield code="p">39015071845668</subfield>
    <subfield code="z">Hellmuth, Obata &amp; Kassabaum in association with Colvin-Robinson Associates, Master plan report for Washtenaw County, Michigan, criminal justice center. July 1975</subfield>
  </datafield>
  <datafield tag="955" ind1=" " ind2=" ">
    <subfield code="b">BENT</subfield>
    <subfield code="p">39015071845676</subfield>
    <subfield code="z">Herrmann Holman Meneghini Overhiser, Ann Arbor Transportation Authority downtown Ann Arbor transit center: a design study, phase II. Sept. 1984</subfield>
  </datafield>
  <datafield tag="955" ind1=" " ind2=" ">
    <subfield code="b">BENT</subfield>
    <subfield code="p">39015071845684</subfield>
    <subfield code="z">Hobbs &amp; Black Associaties, Ashley Plaza, 1987</subfield>
  </datafield>
  <datafield tag="955" ind1=" " ind2=" ">
    <subfield code="b">BENT</subfield>
    <subfield code="p">39015071845692</subfield>
    <subfield code="z">Hobbs &amp; Black Associaties, Kojaian Building, Ann Arbor, Michigan, [n.d.]</subfield>
  </datafield>
  <datafield tag="955" ind1=" " ind2=" ">
    <subfield code="b">BENT</subfield>
    <subfield code="p">39015071845700</subfield>
    <subfield code="z">Hoffman, L. Wallace, From divorce court to family court: a survey of the Washtenaw County Circuit Court and the community attitudes toward the development of a marriage counseling service. 1951</subfield>
  </datafield>
  <datafield tag="955" ind1=" " ind2=" ">
    <subfield code="b">BENT</subfield>
    <subfield code="p">39015071845718</subfield>
    <subfield code="z">Hubbell, Roth and Clark, and Metro Engineers, Inc., and McNamee, Porter &amp; Seeley, Summary report of draft I of the facility plan for the Huron Valley Wastewater Control System in Wayne and Oakland Cou</subfield>
  </datafield>
  <datafield tag="955" ind1=" " ind2=" ">
    <subfield code="b">BENT</subfield>
    <subfield code="p">39015071845726</subfield>
    <subfield code="z">Huron-D&amp;A Associates Partnership, Huron Plaza, Ann Arbor, Michigan, [1982]</subfield>
  </datafield>
  <datafield tag="955" ind1=" " ind2=" ">
    <subfield code="b">BENT</subfield>
    <subfield code="p">39015071845734</subfield>
    <subfield code="z">Johnson &amp; Anderson, Feasibility study, Forest Avenue improvements, Ann Arbor, Michigan. Sept. 1965</subfield>
  </datafield>
  <datafield tag="955" ind1=" " ind2=" ">
    <subfield code="b">BENT</subfield>
    <subfield code="p">39015071845742</subfield>
    <subfield code="z">Johnson &amp; Anderson, Feasibility study, Forest Avenue improvements, Ann Arbor, Michigan. July 1965</subfield>
  </datafield>
  <datafield tag="955" ind1=" " ind2=" ">
    <subfield code="b">BENT</subfield>
    <subfield code="p">39015071845759</subfield>
    <subfield code="z">Johnson &amp; Anderson, Feasibility study, Forest Avenue improvements, Ann Arbor, Michigan. Aug. 1965 (with Dec. 1965 supplement)</subfield>
  </datafield>
  <datafield tag="955" ind1=" " ind2=" ">
    <subfield code="b">BENT</subfield>
    <subfield code="p">39015071845767</subfield>
    <subfield code="z">Johnson &amp; Anderson, Evaluation of load limits of three existing bridges, Ann Arbor, Michigan. [1965?]</subfield>
  </datafield>
  <datafield tag="955" ind1=" " ind2=" ">
    <subfield code="b">BENT</subfield>
    <subfield code="p">39015071845775</subfield>
    <subfield code="z">Johnson &amp; Anderson, Feasibility study, Fuller Road improvements and grade separation replacement of Fuller Road over Consolidated Rail Corp. Jan. 1978</subfield>
  </datafield>
  <datafield tag="955" ind1=" " ind2=" ">
    <subfield code="b">BENT</subfield>
    <subfield code="p">39015071845783</subfield>
    <subfield code="z">Johnson, Johnson &amp; Roy, Kerrytown/Farmers' Market neighborhood study. Jan. 1987.</subfield>
  </datafield>
  <datafield tag="955" ind1=" " ind2=" ">
    <subfield code="b">BENT</subfield>
    <subfield code="p">39015071845791</subfield>
    <subfield code="z">Johnson, Johnson &amp; Roy, Final report recommendations: report on CBD high-rise development and parking. July 1965</subfield>
  </datafield>
  <datafield tag="955" ind1=" " ind2=" ">
    <subfield code="b">BENT</subfield>
    <subfield code="p">39015071845809</subfield>
    <subfield code="z">Johnson, Johnson &amp; Roy, Garden Homes Subdivision study: a plan to guide future physical development. Aug. 1971</subfield>
  </datafield>
  <datafield tag="955" ind1=" " ind2=" ">
    <subfield code="b">BENT</subfield>
    <subfield code="p">39015071845817</subfield>
    <subfield code="z">Johnson, Johnson &amp; Roy, Addenda to the final report recommendations central city high-rise and parking. Aug. 1965</subfield>
  </datafield>
  <datafield tag="955" ind1=" " ind2=" ">
    <subfield code="b">BENT</subfield>
    <subfield code="p">39015071845825</subfield>
    <subfield code="z">Jones &amp; Henry Engineers, and Sanders &amp; Thomas, Washtenaw County, Michigan, plan for the management of solid waste: final report. June 1982</subfield>
  </datafield>
  <datafield tag="955" ind1=" " ind2=" ">
    <subfield code="b">BENT</subfield>
    <subfield code="p">39015071845833</subfield>
    <subfield code="z">Jones &amp; Henry Engineers, A Washtenaw County plan for the management of solid waste: revised plan. Feb. 1975</subfield>
  </datafield>
  <datafield tag="955" ind1=" " ind2=" ">
    <subfield code="b">BENT</subfield>
    <subfield code="p">39015071845841</subfield>
    <subfield code="z">Kaplan Associates, Arbor Main Place development project, Ann Arbor, Michigan, [n.d.]</subfield>
  </datafield>
  <datafield tag="955" ind1=" " ind2=" ">
    <subfield code="b">BENT</subfield>
    <subfield code="p">39015071845858</subfield>
    <subfield code="z">McNamee, Porter &amp; Seeley, and Johnson, Johnson &amp; Roy, Allen's Creek Drain: analysis &amp; preliminary alternatives for relief: interim report prepared for the Washtenaw County Drain Commission. Feb. 1974</subfield>
  </datafield>
  <datafield tag="955" ind1=" " ind2=" ">
    <subfield code="b">BENT</subfield>
    <subfield code="p">39015071845866</subfield>
    <subfield code="z">McNamee, Porter &amp; Seeley, Pollution control plan for the Ann Arbor and Ypsilanti service areas. Aug. 1969</subfield>
  </datafield>
  <datafield tag="955" ind1=" " ind2=" ">
    <subfield code="b">BENT</subfield>
    <subfield code="p">39015071845874</subfield>
    <subfield code="z">McNamee, Porter &amp; Seeley, Sanitary sewerage study for the north and west sides of the city for Ann Arbor, Michigan. Mar. 1969</subfield>
  </datafield>
  <datafield tag="955" ind1=" " ind2=" ">
    <subfield code="b">BENT</subfield>
    <subfield code="p">39015071845882</subfield>
    <subfield code="z">Midwestern Consulting, Traver Lakes, Ann Arbor, Michigan: a planned community in concept, 1969</subfield>
  </datafield>
  <datafield tag="955" ind1=" " ind2=" ">
    <subfield code="b">BENT</subfield>
    <subfield code="p">39015071845890</subfield>
    <subfield code="z">Midwestern Consulting, Plymouth mall, [1972]</subfield>
  </datafield>
  <datafield tag="955" ind1=" " ind2=" ">
    <subfield code="b">BENT</subfield>
    <subfield code="p">39015071845908</subfield>
    <subfield code="z">Midwestern Consulting, Sanitary sewer study: covering a portion of Garden Homes Subdivision for the City of Ann Arbor, Ann Arbor Township. Sept. 1968</subfield>
  </datafield>
  <datafield tag="955" ind1=" " ind2=" ">
    <subfield code="b">BENT</subfield>
    <subfield code="p">39015071845916</subfield>
    <subfield code="z">Midwestern Consulting, Revised final design recommendations for Traver Creek Chapter 20 Drain, city of Ann Arbor. Jan. 1974</subfield>
  </datafield>
  <datafield tag="955" ind1=" " ind2=" ">
    <subfield code="b">BENT</subfield>
    <subfield code="p">39015071845924</subfield>
    <subfield code="z">Midwestern Consulting, Final design recommendations for the Traver Creek Chapter 20 Drain. July 1972</subfield>
  </datafield>
  <datafield tag="955" ind1=" " ind2=" ">
    <subfield code="b">BENT</subfield>
    <subfield code="p">39015071845932</subfield>
    <subfield code="z">Palmer, John S., Project task recommendations for alternative five of the interim report I dated February 1974: a program for action. Nov. 1974</subfield>
  </datafield>
  <datafield tag="955" ind1=" " ind2=" ">
    <subfield code="b">BENT</subfield>
    <subfield code="p">39015071845940</subfield>
    <subfield code="z">Pelz, Donald C., et al., Survey on Ann Arbor transportation--Summer 1973: sponsored by planning Department, Traffic Engineering and Transportation Department, City of Ann Arbor, Michigan. Nov. 1973</subfield>
  </datafield>
  <datafield tag="955" ind1=" " ind2=" ">
    <subfield code="b">BENT</subfield>
    <subfield code="p">39015071845957</subfield>
    <subfield code="z">Phillips, Sandra E., An independent feasibility study of the Ann Arbor Airport. Feb. 1993</subfield>
  </datafield>
  <datafield tag="955" ind1=" " ind2=" ">
    <subfield code="b">BENT</subfield>
    <subfield code="p">39015071845965</subfield>
    <subfield code="z">Pollack Design Associates, Master plan for pedestrian improvements, Downtown Development Authority deistrict, Ann Arbor, Michigan: final draft for review and comment. Jan. 1987</subfield>
  </datafield>
  <datafield tag="955" ind1=" " ind2=" ">
    <subfield code="b">BENT</subfield>
    <subfield code="p">39015071845973</subfield>
    <subfield code="z">Pollack Design Associates, The Ann Arbor Depot: a first phase investigation of location alternaives for rail passenger facilities. Nov. 1979</subfield>
  </datafield>
  <datafield tag="955" ind1=" " ind2=" ">
    <subfield code="b">BENT</subfield>
    <subfield code="p">39015071845981</subfield>
    <subfield code="z">Pollack Design Associates, The Ann Arbor Depot: development alternatives. Apr. 1980</subfield>
  </datafield>
  <datafield tag="955" ind1=" " ind2=" ">
    <subfield code="b">BENT</subfield>
    <subfield code="p">39015071845999</subfield>
    <subfield code="z">Preservation Urban Design, Ann Arbor downtown facade study. Jan. 1976.</subfield>
  </datafield>
  <datafield tag="955" ind1=" " ind2=" ">
    <subfield code="b">BENT</subfield>
    <subfield code="p">39015071846005</subfield>
    <subfield code="z">Preservation Urban Design, Westside neighborhood plan, Ann Arbor, Michigan. Apr. 1977</subfield>
  </datafield>
  <datafield tag="955" ind1=" " ind2=" ">
    <subfield code="b">BENT</subfield>
    <subfield code="p">39015071846013</subfield>
    <subfield code="z">Quinn, Robert P., Survey of citizen satisfaction in Ann Arbor. Aug. 1977</subfield>
  </datafield>
  <datafield tag="955" ind1=" " ind2=" ">
    <subfield code="b">BENT</subfield>
    <subfield code="p">39015071846021</subfield>
    <subfield code="z">R.W. Beck and Associates, Factors affecting the success of residential and commercial recycling programs: mandatory recycling ordinance and variable rate fee structures (Working paper no. 1). Nov. 198</subfield>
  </datafield>
  <datafield tag="955" ind1=" " ind2=" ">
    <subfield code="b">BENT</subfield>
    <subfield code="p">39015071846039</subfield>
    <subfield code="z">Regional Research Associaties, Inc., Growth and development of the city of Ann Arbor, 1970</subfield>
  </datafield>
  <datafield tag="955" ind1=" " ind2=" ">
    <subfield code="b">BENT</subfield>
    <subfield code="p">39015071846047</subfield>
    <subfield code="z">Reid, Lloyd B., Measures for relieving Ann Arbor street traffic conditions: statistical index [1956]</subfield>
  </datafield>
  <datafield tag="955" ind1=" " ind2=" ">
    <subfield code="b">BENT</subfield>
    <subfield code="p">39015071846054</subfield>
    <subfield code="z">Reid, Lloyd B., Measures for relieving Ann Arbor street traffic conditions. Oct. 1956.</subfield>
  </datafield>
  <datafield tag="955" ind1=" " ind2=" ">
    <subfield code="b">BENT</subfield>
    <subfield code="p">39015071846062</subfield>
    <subfield code="z">Reid and Cool, Traffic study, I-94 penetrator routes, Ann Arbor, Michigan. Apr. 1969</subfield>
  </datafield>
  <datafield tag="955" ind1=" " ind2=" ">
    <subfield code="b">BENT</subfield>
    <subfield code="p">39015071846070</subfield>
    <subfield code="z">Reid and Cool, Road improvements required to serve traffic at a Saline Road, I-94 shopping center, Ann Arbor, Michigan. May 1966</subfield>
  </datafield>
  <datafield tag="955" ind1=" " ind2=" ">
    <subfield code="b">BENT</subfield>
    <subfield code="p">39015071846088</subfield>
    <subfield code="z">Reid and Cool, and Atwell-Hicks, Report, I-94 penetrator traffic study, downtown bypass study for the city of Ann Arbor, Michigan. June 1966.</subfield>
  </datafield>
  <datafield tag="955" ind1=" " ind2=" ">
    <subfield code="b">BENT</subfield>
    <subfield code="p">39015071846096</subfield>
    <subfield code="z">Residents Against Packard Platt Plaza, Analysis of proposed Packard Platt Plaza development. [1972?]</subfield>
  </datafield>
  <datafield tag="955" ind1=" " ind2=" ">
    <subfield code="b">BENT</subfield>
    <subfield code="p">39015071846104</subfield>
    <subfield code="z">Sanzenbacher, Miller &amp; Brigham, Report of engineering studies for the proposed improvement of Newport Road Miller Avenue to city limits, city of Ann Arbor, Michigan [1958]</subfield>
  </datafield>
  <datafield tag="955" ind1=" " ind2=" ">
    <subfield code="b">BENT</subfield>
    <subfield code="p">39015071846112</subfield>
    <subfield code="z">Schimpeler-Corradino Associates, Huron Valley corridor study: final report. July 1978.</subfield>
  </datafield>
  <datafield tag="955" ind1=" " ind2=" ">
    <subfield code="b">BENT</subfield>
    <subfield code="p">39015071846120</subfield>
    <subfield code="z">Schimpeler-Corradino Associates, Potential transportation improvement solutions for the Huron Valley Corridor. Nov. 1976</subfield>
  </datafield>
  <datafield tag="955" ind1=" " ind2=" ">
    <subfield code="b">BENT</subfield>
    <subfield code="p">39015071846138</subfield>
    <subfield code="z">Schimpeler-Corradino Associates, Huron Valley corridor study: sketch planning analysis of alternatives. Apr. 1977</subfield>
  </datafield>
  <datafield tag="955" ind1=" " ind2=" ">
    <subfield code="b">BENT</subfield>
    <subfield code="p">39015071846146</subfield>
    <subfield code="z">Schimpeler-Corradino Associates, Huron Valley corridor study: summary detailed planning analysis of alternatives. Oct. 1977</subfield>
  </datafield>
  <datafield tag="955" ind1=" " ind2=" ">
    <subfield code="b">BENT</subfield>
    <subfield code="p">39015071846153</subfield>
    <subfield code="z">Schneider Group, Response to request for proposal for the development of city-owned property at Packard and Main Streets, 1987</subfield>
  </datafield>
  <datafield tag="955" ind1=" " ind2=" ">
    <subfield code="b">BENT</subfield>
    <subfield code="p">39015071846161</subfield>
    <subfield code="z">Schneider Group, Courtyards of The Seasons: a home ownership development, 1988</subfield>
  </datafield>
  <datafield tag="955" ind1=" " ind2=" ">
    <subfield code="b">BENT</subfield>
    <subfield code="p">39015071846179</subfield>
    <subfield code="z">Sullivan, Carol, and Griffin, Denise, Downtown parking: the situation, the need, the prospects. For Ann Arbor Tomorrow. July 1976.</subfield>
  </datafield>
  <datafield tag="955" ind1=" " ind2=" ">
    <subfield code="b">BENT</subfield>
    <subfield code="p">39015071846187</subfield>
    <subfield code="z">Technical Network Inc., A Report on population and housing based on the 1960-1970-1980 federal census: Ann Arbor, Michigan: prepared for Arbor Main Place proposed development. July 1984</subfield>
  </datafield>
  <datafield tag="955" ind1=" " ind2=" ">
    <subfield code="b">BENT</subfield>
    <subfield code="p">39015071846195</subfield>
    <subfield code="z">TransPlan, Inc., Master plan for Ann Arbor Airport: phase I. [1975?]</subfield>
  </datafield>
  <datafield tag="955" ind1=" " ind2=" ">
    <subfield code="b">BENT</subfield>
    <subfield code="p">39015071846203</subfield>
    <subfield code="z">W.C. Gilman &amp; Co., City of Ann Arbor, Michigan, technical transit study. June 1969</subfield>
  </datafield>
  <datafield tag="955" ind1=" " ind2=" ">
    <subfield code="b">BENT</subfield>
    <subfield code="p">39015071846211</subfield>
    <subfield code="z">W.C. Gilman &amp; Co., City of Ann Arbor, Michigan, technical transit study, second interim report to the Transportation Authority, Feb. 1969</subfield>
  </datafield>
  <datafield tag="955" ind1=" " ind2=" ">
    <subfield code="b">BENT</subfield>
    <subfield code="p">39015071846229</subfield>
    <subfield code="z">Wayne C. Johnson &amp; Associates, Economic impact study, Arbor Main proposed development: 180 apartment unites, 13,185 square feet office, 10,497 square feet commercial, and a 304-car parking structure.</subfield>
  </datafield>
  <datafield tag="955" ind1=" " ind2=" ">
    <subfield code="b">BENT</subfield>
    <subfield code="p">39015071846237</subfield>
    <subfield code="z">Zuchelli, Hunter &amp; Associates, Assessment and evaluation of downtown redevelopment opportunities, Ann Arbor, Michigan: prepared for the City of Ann Arbor, Michigan, the Ann Arbor Downtown Development</subfield>
  </datafield>
  <datafield tag="955" ind1=" " ind2=" ">
    <subfield code="b">BENT</subfield>
    <subfield code="p">B1063171</subfield>
  </datafield>
  <controlfield tag="001">002748017</controlfield>
  <controlfield tag="005">20151021153303.0</controlfield>
  <controlfield tag="008">950110m195119uumiu^^^^^^^^^^^000^0^eng^d</controlfield>
  <datafield tag="035" ind1=" " ind2=" ">
    <subfield code="a">(RLIN)MIUV92-B333</subfield>
  </datafield>
  <datafield tag="035" ind1=" " ind2=" ">
    <subfield code="a">(OCoLC)702899240</subfield>
  </datafield>
  <datafield tag="040" ind1=" " ind2=" ">
    <subfield code="a">MiU-H</subfield>
    <subfield code="c">MiU-H</subfield>
    <subfield code="d">MiU-H</subfield>
  </datafield>
  <datafield tag="245" ind1="0" ind2="0">
    <subfield code="a">[Ann Arbor (Mich.) planning consultants' reports].</subfield>
  </datafield>
  <datafield tag="260" ind1=" " ind2=" ">
    <subfield code="c">1951-1993.</subfield>
  </datafield>
  <datafield tag="300" ind1=" " ind2=" ">
    <subfield code="a">3 linear ft.</subfield>
  </datafield>
  <datafield tag="555" ind1="0" ind2=" ">
    <subfield code="a">Finding aid in the library.</subfield>
  </datafield>
  <datafield tag="555" ind1="0" ind2=" ">
    <subfield code="a">Finding aid via World Wide Web at URL: http://quod.lib.umich.edu/cgi/f/findaid/findaid-idx?c=bhlead&amp;idno=umich-bhl-95114</subfield>
  </datafield>
  <datafield tag="651" ind1=" " ind2="0">
    <subfield code="a">Ann Arbor (Mich.)</subfield>
    <subfield code="x">Economic conditions.</subfield>
  </datafield>
  <datafield tag="650" ind1=" " ind2="0">
    <subfield code="a">City planning</subfield>
    <subfield code="z">Michigan</subfield>
    <subfield code="z">Ann Arbor.</subfield>
  </datafield>
  <datafield tag="650" ind1=" " ind2="0">
    <subfield code="a">Transportation</subfield>
    <subfield code="z">Michigan</subfield>
    <subfield code="z">Ann Arbor</subfield>
    <subfield code="x">Planning.</subfield>
  </datafield>
  <datafield tag="700" ind1="1" ind2=" ">
    <subfield code="a">Ahern, Richard D.</subfield>
  </datafield>
  <datafield tag="700" ind1="1" ind2=" ">
    <subfield code="a">Barnes, Douglas.</subfield>
  </datafield>
  <datafield tag="700" ind1="1" ind2=" ">
    <subfield code="a">Byrd, David R.</subfield>
  </datafield>
  <datafield tag="700" ind1="1" ind2=" ">
    <subfield code="a">Dykema, James.</subfield>
  </datafield>
  <datafield tag="700" ind1="1" ind2=" ">
    <subfield code="a">Griffin, Denise.</subfield>
  </datafield>
  <datafield tag="700" ind1="1" ind2=" ">
    <subfield code="a">Hoffman, L. Wallace.</subfield>
  </datafield>
  <datafield tag="700" ind1="1" ind2=" ">
    <subfield code="a">Johnson, William J.</subfield>
  </datafield>
  <datafield tag="700" ind1="1" ind2=" ">
    <subfield code="a">Palmer, John S.</subfield>
  </datafield>
  <datafield tag="700" ind1="1" ind2=" ">
    <subfield code="a">Pelz, Donald Campbell,</subfield>
    <subfield code="d">1921-</subfield>
  </datafield>
  <datafield tag="700" ind1="1" ind2=" ">
    <subfield code="a">Quinn, Robert P.</subfield>
  </datafield>
  <datafield tag="700" ind1="1" ind2=" ">
    <subfield code="a">Reid, Lloyd B.</subfield>
  </datafield>
  <datafield tag="700" ind1="1" ind2=" ">
    <subfield code="a">Sullivan, Carol.</subfield>
  </datafield>
  <datafield tag="700" ind1="1" ind2=" ">
    <subfield code="a">Zeidman, Fred.</subfield>
  </datafield>
  <datafield tag="710" ind1="2" ind2=" ">
    <subfield code="a">Alan M. Voorhees &amp; Associates.</subfield>
  </datafield>
  <datafield tag="710" ind1="2" ind2=" ">
    <subfield code="a">Ann Arbor Municipal Airport Advisory Committee.</subfield>
  </datafield>
  <datafield tag="710" ind1="2" ind2=" ">
    <subfield code="a">Ann Arbor Tomorrow.</subfield>
  </datafield>
  <datafield tag="710" ind1="2" ind2=" ">
    <subfield code="a">Atwell-Hicks.</subfield>
  </datafield>
  <datafield tag="710" ind1="2" ind2=" ">
    <subfield code="a">Ayres, Lewis, Norris, and May.</subfield>
  </datafield>
  <datafield tag="710" ind1="2" ind2=" ">
    <subfield code="a">Barton-Aschman Associates.</subfield>
  </datafield>
  <datafield tag="710" ind1="2" ind2=" ">
    <subfield code="a">Beckett Raeder Rankin Inc.</subfield>
  </datafield>
  <datafield tag="710" ind1="2" ind2=" ">
    <subfield code="a">BRH Mobility Services Company.</subfield>
  </datafield>
  <datafield tag="710" ind1="2" ind2=" ">
    <subfield code="a">Brewer Engineering.</subfield>
  </datafield>
  <datafield tag="710" ind1="2" ind2=" ">
    <subfield code="a">Colvin-Robinson Associates.</subfield>
  </datafield>
  <datafield tag="710" ind1="1" ind2=" ">
    <subfield code="a">Ann Arbor (Mich.).</subfield>
    <subfield code="b">Community Planning and Management.</subfield>
  </datafield>
  <datafield tag="710" ind1="2" ind2=" ">
    <subfield code="a">Community Systems Foundation.</subfield>
  </datafield>
  <datafield tag="710" ind1="2" ind2=" ">
    <subfield code="a">Economics Research Associates.</subfield>
  </datafield>
  <datafield tag="710" ind1="2" ind2=" ">
    <subfield code="a">Eisenhower Community Council.</subfield>
  </datafield>
  <datafield tag="710" ind1="2" ind2=" ">
    <subfield code="a">Ford Motor Company.</subfield>
    <subfield code="b">Transportation Research and Planning Office.</subfield>
  </datafield>
  <datafield tag="710" ind1="2" ind2=" ">
    <subfield code="a">Harland Bartholomew &amp; Associates.</subfield>
  </datafield>
  <datafield tag="710" ind1="2" ind2=" ">
    <subfield code="a">Hellmuth, Obata &amp; Kassabaum.</subfield>
  </datafield>
  <datafield tag="710" ind1="2" ind2=" ">
    <subfield code="a">Herrmann Holman Meneghini Overhiser.</subfield>
  </datafield>
  <datafield tag="710" ind1="2" ind2=" ">
    <subfield code="a">Hubbell, Roth and Clark.</subfield>
  </datafield>
  <datafield tag="710" ind1="2" ind2=" ">
    <subfield code="a">Johnson &amp; Anderson.</subfield>
  </datafield>
  <datafield tag="710" ind1="2" ind2=" ">
    <subfield code="a">Johnson, Johnson &amp; Roy.</subfield>
  </datafield>
  <datafield tag="710" ind1="2" ind2=" ">
    <subfield code="a">Jones &amp; Henry Engineers.</subfield>
  </datafield>
  <datafield tag="710" ind1="2" ind2=" ">
    <subfield code="a">McNamee, Porter, and Seeley.</subfield>
  </datafield>
  <datafield tag="710" ind1="2" ind2=" ">
    <subfield code="a">Metro Engineers, Inc.</subfield>
  </datafield>
  <datafield tag="710" ind1="2" ind2=" ">
    <subfield code="a">Preservation Urban Design Incorporated.</subfield>
  </datafield>
  <datafield tag="710" ind1="2" ind2=" ">
    <subfield code="a">Ralph M. Parsons Company.</subfield>
  </datafield>
  <datafield tag="710" ind1="2" ind2=" ">
    <subfield code="a">Reid and Cool (Firm)</subfield>
  </datafield>
  <datafield tag="710" ind1="2" ind2=" ">
    <subfield code="a">Residents Against Packard Platt Plaza.</subfield>
  </datafield>
  <datafield tag="710" ind1="2" ind2=" ">
    <subfield code="a">Sanders &amp; Thomas.</subfield>
  </datafield>
  <datafield tag="710" ind1="2" ind2=" ">
    <subfield code="a">Schimpeler-Corradino Associates.</subfield>
  </datafield>
  <datafield tag="710" ind1="2" ind2=" ">
    <subfield code="a">Technical Network Inc.</subfield>
  </datafield>
  <datafield tag="710" ind1="2" ind2=" ">
    <subfield code="a">TransPlan, Inc.</subfield>
  </datafield>
  <datafield tag="710" ind1="2" ind2=" ">
    <subfield code="a">W.C. Gilman &amp; Co.</subfield>
  </datafield>
  <datafield tag="710" ind1="2" ind2=" ">
    <subfield code="a">Wayne C. Johnson &amp; Associates.</subfield>
  </datafield>
  <datafield tag="710" ind1="2" ind2=" ">
    <subfield code="a">Zuchelli, Hunter &amp; Associates.</subfield>
  </datafield>
  <datafield tag="700" ind1="1" ind2=" ">
    <subfield code="a">Billetdeaux, Neal.</subfield>
  </datafield>
  <datafield tag="710" ind1="2" ind2=" ">
    <subfield code="a">BRW Inc.</subfield>
  </datafield>
  <datafield tag="710" ind1="2" ind2=" ">
    <subfield code="a">R.W. Beck and Associates.</subfield>
  </datafield>
  <datafield tag="710" ind1="2" ind2=" ">
    <subfield code="a">Pollack Design Associates.</subfield>
  </datafield>
  <datafield tag="700" ind1="1" ind2=" ">
    <subfield code="a">Phillips, Sandra E.</subfield>
  </datafield>
  <datafield tag="710" ind1="2" ind2=" ">
    <subfield code="a">Midwestern Consulting, Inc.</subfield>
  </datafield>
  <datafield tag="856" ind1="4" ind2="2">
    <subfield code="3">Finding aid:</subfield>
    <subfield code="u">http://quod.lib.umich.edu/cgi/f/findaid/findaid-idx?c=bhlead&amp;idno=umich-bhl-95114</subfield>
  </datafield>
  <datafield tag="852" ind1="8" ind2=" ">
    <subfield code="a">MiU-H</subfield>
    <subfield code="b">BENT</subfield>
    <subfield code="h">95114 Aa 2 Box 1</subfield>
  </datafield>
  <datafield tag="852" ind1="8" ind2=" ">
    <subfield code="a">MiU-H</subfield>
    <subfield code="b">BENT</subfield>
    <subfield code="h">95114 Aa 2 Box 3</subfield>
  </datafield>
  <datafield tag="852" ind1="8" ind2=" ">
    <subfield code="a">MiU-H</subfield>
    <subfield code="b">BENT</subfield>
    <subfield code="h">95114 Aa 2 Box 2</subfield>
  </datafield>
  <datafield tag="997" ind1=" " ind2=" ">
    <subfield code="a">MARS</subfield>
  </datafield>
  <datafield tag="998" ind1=" " ind2=" ">
    <subfield code="c">LAC</subfield>
    <subfield code="s">9114</subfield>
  </datafield>
  <datafield tag="955" ind1=" " ind2=" ">
    <subfield code="b">BENT</subfield>
    <subfield code="p">39015071845270</subfield>
    <subfield code="z">Author unknown, The Huron River Valley study. [196-]</subfield>
  </datafield>
  <datafield tag="955" ind1=" " ind2=" ">
    <subfield code="b">BENT</subfield>
    <subfield code="p">39015071845288</subfield>
    <subfield code="z">Author unknown, Research Park Service Center: a planned unit development, [n.d.]</subfield>
  </datafield>
  <datafield tag="955" ind1=" " ind2=" ">
    <subfield code="b">BENT</subfield>
    <subfield code="p">39015071845296</subfield>
    <subfield code="z">Ahern, Richard D., Thirty high: a survey of the potential of properties owned, optioned, or controlled by the Ann Arbor apartments trust, relative to their surrounding environs, 1965</subfield>
  </datafield>
  <datafield tag="955" ind1=" " ind2=" ">
    <subfield code="b">BENT</subfield>
    <subfield code="p">39015071845304</subfield>
    <subfield code="z">Ahern, Richard D., A critique of the Central city high-rise and parking report. July 1965</subfield>
  </datafield>
  <datafield tag="955" ind1=" " ind2=" ">
    <subfield code="b">BENT</subfield>
    <subfield code="p">39015071845312</subfield>
    <subfield code="z">Alan M. Voorhees &amp; Associates, in association with Economic Research Associates, Ann Arbor circulation study: prepared for city of Ann Arbor, Michigan, 1974-1975. June 1975</subfield>
  </datafield>
  <datafield tag="955" ind1=" " ind2=" ">
    <subfield code="b">BENT</subfield>
    <subfield code="p">39015071845320</subfield>
    <subfield code="z">Ann Arbor Municipal Airport Advisory Committee, A study of the Ann Arbor Municipal Airport. Apr. 1962</subfield>
  </datafield>
  <datafield tag="955" ind1=" " ind2=" ">
    <subfield code="b">BENT</subfield>
    <subfield code="p">39015071845338</subfield>
    <subfield code="z">Ann Arbor Mutual Housing Association, The Kemnitz Center, Senior Housing &amp; Activities Center: proposal for redevelopment of The Ann Arbor Inn, 1993</subfield>
  </datafield>
  <datafield tag="955" ind1=" " ind2=" ">
    <subfield code="b">BENT</subfield>
    <subfield code="p">39015071845346</subfield>
    <subfield code="z">Ann Arbor Tomorrow, Downtown evening-use survey, by Fred Zeidman. Mar. 1974</subfield>
  </datafield>
  <datafield tag="955" ind1=" " ind2=" ">
    <subfield code="b">BENT</subfield>
    <subfield code="p">39015071845353</subfield>
    <subfield code="z">Ann Arbor Tomorrow, Carpooling in downtown: background and feasability for a carpool demonstration program in Ann Arbor, Michigan, 1979</subfield>
  </datafield>
  <datafield tag="955" ind1=" " ind2=" ">
    <subfield code="b">BENT</subfield>
    <subfield code="p">39015071845361</subfield>
    <subfield code="z">Ann Arbor Tomorrow, Renovating upper stories: housing in the downtown, Ann Arbor, Michigan. Apr. 1978</subfield>
  </datafield>
  <datafield tag="955" ind1=" " ind2=" ">
    <subfield code="b">BENT</subfield>
    <subfield code="p">39015071845379</subfield>
    <subfield code="z">Ann Arbor Tomorrow, Annual report. 1977/1978</subfield>
  </datafield>
  <datafield tag="955" ind1=" " ind2=" ">
    <subfield code="b">BENT</subfield>
    <subfield code="p">39015071845387</subfield>
    <subfield code="z">Ann Arbor Tomorrow, Ann Arbor circulation study: a summary of the position of the Ann Arbor tomorrow Advisory Council on recommendations afecting the downtown. July 1, 1975</subfield>
  </datafield>
  <datafield tag="955" ind1=" " ind2=" ">
    <subfield code="b">BENT</subfield>
    <subfield code="p">39015071845395</subfield>
    <subfield code="z">Arbor Main Associates, Arbor Main Place: a downtown anchor, [1985] (2 different versions)</subfield>
  </datafield>
  <datafield tag="955" ind1=" " ind2=" ">
    <subfield code="b">BENT</subfield>
    <subfield code="p">39015071845403</subfield>
    <subfield code="z">Arbor Main Associates, Arbor Main Place: a downtown anchor, [1985] (2 different versions)</subfield>
  </datafield>
  <datafield tag="955" ind1=" " ind2=" ">
    <subfield code="b">BENT</subfield>
    <subfield code="p">39015071845411</subfield>
    <subfield code="z">Arbor Main Associates, Proposal for development on city-owned property at Packard and Main Streets, 1987</subfield>
  </datafield>
  <datafield tag="955" ind1=" " ind2=" ">
    <subfield code="b">BENT</subfield>
    <subfield code="p">39015071845429</subfield>
    <subfield code="z">Arbor Main Associates, Arbor Main Place: a multiple purpose facility, [1986]</subfield>
  </datafield>
  <datafield tag="955" ind1=" " ind2=" ">
    <subfield code="b">BENT</subfield>
    <subfield code="p">39015071845437</subfield>
    <subfield code="z">Atwell-Hicks, Sanitary sewer study of the area bounded by Plymouth Road, Traver Creek, Dhu Varren Road and the divide easterly. June 1958</subfield>
  </datafield>
  <datafield tag="955" ind1=" " ind2=" ">
    <subfield code="b">BENT</subfield>
    <subfield code="p">39015071845445</subfield>
    <subfield code="z">Ayres, Lewis, Norris &amp; May, A report on the city owned Huron River dams improvement and reconstruction recommendations. Mar. 1969</subfield>
  </datafield>
  <datafield tag="955" ind1=" " ind2=" ">
    <subfield code="b">BENT</subfield>
    <subfield code="p">39015071845452</subfield>
    <subfield code="z">Barnes, Douglas, et al., Hill Street: investigation of the planning process in Ann Arbor. Apr. 1972</subfield>
  </datafield>
  <datafield tag="955" ind1=" " ind2=" ">
    <subfield code="b">BENT</subfield>
    <subfield code="p">39015071845460</subfield>
    <subfield code="z">Barton-Aschman Associates, Evaluation of alternative transit concepts [for Ann Arbor Transportation Authority]. Jan. 1979.</subfield>
  </datafield>
  <datafield tag="955" ind1=" " ind2=" ">
    <subfield code="b">BENT</subfield>
    <subfield code="p">39015071845478</subfield>
    <subfield code="z">Barton-Aschman Associates, Ann Arbor Urban Area transportation study: proposed bikeway system. May 1974</subfield>
  </datafield>
  <datafield tag="955" ind1=" " ind2=" ">
    <subfield code="b">BENT</subfield>
    <subfield code="p">39015071845486</subfield>
    <subfield code="z">Barton-Aschman Associates, A transportation plan for the Ann Arbor Ypsilanti urbanized area. July 1975</subfield>
  </datafield>
  <datafield tag="955" ind1=" " ind2=" ">
    <subfield code="b">BENT</subfield>
    <subfield code="p">39015071845494</subfield>
    <subfield code="z">Beckett and Raeder Inc., Dominoâs Farms: Dominoâs Pizza Incorporated, World Headquarters, proposed development plan, 1983</subfield>
  </datafield>
  <datafield tag="955" ind1=" " ind2=" ">
    <subfield code="b">BENT</subfield>
    <subfield code="p">39015071845502</subfield>
    <subfield code="z">Beckett Raeder Rankin, A Study for the Eastern Michigan University, Saint Joseph Mercy Hospital, Washtenaw Community College corridor. June 1979</subfield>
  </datafield>
  <datafield tag="955" ind1=" " ind2=" ">
    <subfield code="b">BENT</subfield>
    <subfield code="p">39015071845510</subfield>
    <subfield code="z">Billetdeaux, Neal, Brooke Farquhar, and Patricia Lang, North Main Street corridor: introduction and overview. Feb. 16, 1987</subfield>
  </datafield>
  <datafield tag="955" ind1=" " ind2=" ">
    <subfield code="b">BENT</subfield>
    <subfield code="p">39015071845528</subfield>
    <subfield code="z">Brewer Engineering, Master plan report: Ann Arbor Municipal Airport--Ann Arbor, Michigan. Sept. 1969</subfield>
  </datafield>
  <datafield tag="955" ind1=" " ind2=" ">
    <subfield code="b">BENT</subfield>
    <subfield code="p">39015071845536</subfield>
    <subfield code="z">BRH Mobility Services Company, Ann Arbor New-Tran basic project plan: report to Ann Arbor Transportation Authority. Dec. 1973</subfield>
  </datafield>
  <datafield tag="955" ind1=" " ind2=" ">
    <subfield code="b">BENT</subfield>
    <subfield code="p">39015071845544</subfield>
    <subfield code="z">BRW, Inc., Ann Arbor transportation plan. Nov. 1990</subfield>
  </datafield>
  <datafield tag="955" ind1=" " ind2=" ">
    <subfield code="b">BENT</subfield>
    <subfield code="p">39015071845551</subfield>
    <subfield code="z">Building Officials Conference of America, A study of code enforcement in the city of Ann Arbor, Michigan. Feb. 1969</subfield>
  </datafield>
  <datafield tag="955" ind1=" " ind2=" ">
    <subfield code="b">BENT</subfield>
    <subfield code="p">39015071845569</subfield>
    <subfield code="z">Byrd, David R., The challenge of change. 1968</subfield>
  </datafield>
  <datafield tag="955" ind1=" " ind2=" ">
    <subfield code="b">BENT</subfield>
    <subfield code="p">39015071845577</subfield>
    <subfield code="z">Colvin, Robinson, Wright &amp; Associates, City of Ann Arbor, Mich. Washington St.-Fourth Ave. parking structure, n.d.</subfield>
  </datafield>
  <datafield tag="955" ind1=" " ind2=" ">
    <subfield code="b">BENT</subfield>
    <subfield code="p">39015071845585</subfield>
    <subfield code="z">Community Systems Foundation, A planning programming budgeting system for the city of Ann Arbor: two years progress in implementation. [1970?]</subfield>
  </datafield>
  <datafield tag="955" ind1=" " ind2=" ">
    <subfield code="b">BENT</subfield>
    <subfield code="p">39015071845593</subfield>
    <subfield code="z">Dykema, James, et al., An Economic analysis of the Liberty Street corridor for Ann Arbor Tomorrow. Dec. 1976</subfield>
  </datafield>
  <datafield tag="955" ind1=" " ind2=" ">
    <subfield code="b">BENT</subfield>
    <subfield code="p">39015071845601</subfield>
    <subfield code="z">Eberle M. Smith Associates, Inc., Proposed parking deck, Ann Arbor, Michigan, [1969]</subfield>
  </datafield>
  <datafield tag="955" ind1=" " ind2=" ">
    <subfield code="b">BENT</subfield>
    <subfield code="p">39015071845619</subfield>
    <subfield code="z">Economic Research Associates, Analysis of future growth potential in the central circulation district in Ann Arbor, Michigan: prepared for Alan M. Voorhees and Associates. Mar. 1974</subfield>
  </datafield>
  <datafield tag="955" ind1=" " ind2=" ">
    <subfield code="b">BENT</subfield>
    <subfield code="p">39015071845627</subfield>
    <subfield code="z">Eisenhower Community Council, and Johnson, William J., Community values and thoroughfare planning. Apr. 1973</subfield>
  </datafield>
  <datafield tag="955" ind1=" " ind2=" ">
    <subfield code="b">BENT</subfield>
    <subfield code="p">39015071845635</subfield>
    <subfield code="z">First Centrum Corporation,  [Redevelopment proposal for the Ann Arbor Inn], 1993</subfield>
  </datafield>
  <datafield tag="955" ind1=" " ind2=" ">
    <subfield code="b">BENT</subfield>
    <subfield code="p">39015071845643</subfield>
    <subfield code="z">Ford Motor Company. Transportation Research and Planning Office, Interim report: Teltran facilities requirements: prepared for the Ann Arbor Transportation Authority. Sept. 1973</subfield>
  </datafield>
  <datafield tag="955" ind1=" " ind2=" ">
    <subfield code="b">BENT</subfield>
    <subfield code="p">39015071845650</subfield>
    <subfield code="z">Harland Bartholomew and Associates, A Traffic and parking analysis: the Ann Arbor thoroughfare plan in relation to University of Michigan Central Campus study: prepared for City of Ann Arbor, Universi</subfield>
  </datafield>
  <datafield tag="955" ind1=" " ind2=" ">
    <subfield code="b">BENT</subfield>
    <subfield code="p">39015071845668</subfield>
    <subfield code="z">Hellmuth, Obata &amp; Kassabaum in association with Colvin-Robinson Associates, Master plan report for Washtenaw County, Michigan, criminal justice center. July 1975</subfield>
  </datafield>
  <datafield tag="955" ind1=" " ind2=" ">
    <subfield code="b">BENT</subfield>
    <subfield code="p">39015071845676</subfield>
    <subfield code="z">Herrmann Holman Meneghini Overhiser, Ann Arbor Transportation Authority downtown Ann Arbor transit center: a design study, phase II. Sept. 1984</subfield>
  </datafield>
  <datafield tag="955" ind1=" " ind2=" ">
    <subfield code="b">BENT</subfield>
    <subfield code="p">39015071845684</subfield>
    <subfield code="z">Hobbs &amp; Black Associaties, Ashley Plaza, 1987</subfield>
  </datafield>
  <datafield tag="955" ind1=" " ind2=" ">
    <subfield code="b">BENT</subfield>
    <subfield code="p">39015071845692</subfield>
    <subfield code="z">Hobbs &amp; Black Associaties, Kojaian Building, Ann Arbor, Michigan, [n.d.]</subfield>
  </datafield>
  <datafield tag="955" ind1=" " ind2=" ">
    <subfield code="b">BENT</subfield>
    <subfield code="p">39015071845700</subfield>
    <subfield code="z">Hoffman, L. Wallace, From divorce court to family court: a survey of the Washtenaw County Circuit Court and the community attitudes toward the development of a marriage counseling service. 1951</subfield>
  </datafield>
  <datafield tag="955" ind1=" " ind2=" ">
    <subfield code="b">BENT</subfield>
    <subfield code="p">39015071845718</subfield>
    <subfield code="z">Hubbell, Roth and Clark, and Metro Engineers, Inc., and McNamee, Porter &amp; Seeley, Summary report of draft I of the facility plan for the Huron Valley Wastewater Control System in Wayne and Oakland Cou</subfield>
  </datafield>
  <datafield tag="955" ind1=" " ind2=" ">
    <subfield code="b">BENT</subfield>
    <subfield code="p">39015071845726</subfield>
    <subfield code="z">Huron-D&amp;A Associates Partnership, Huron Plaza, Ann Arbor, Michigan, [1982]</subfield>
  </datafield>
  <datafield tag="955" ind1=" " ind2=" ">
    <subfield code="b">BENT</subfield>
    <subfield code="p">39015071845734</subfield>
    <subfield code="z">Johnson &amp; Anderson, Feasibility study, Forest Avenue improvements, Ann Arbor, Michigan. Sept. 1965</subfield>
  </datafield>
  <datafield tag="955" ind1=" " ind2=" ">
    <subfield code="b">BENT</subfield>
    <subfield code="p">39015071845742</subfield>
    <subfield code="z">Johnson &amp; Anderson, Feasibility study, Forest Avenue improvements, Ann Arbor, Michigan. July 1965</subfield>
  </datafield>
  <datafield tag="955" ind1=" " ind2=" ">
    <subfield code="b">BENT</subfield>
    <subfield code="p">39015071845759</subfield>
    <subfield code="z">Johnson &amp; Anderson, Feasibility study, Forest Avenue improvements, Ann Arbor, Michigan. Aug. 1965 (with Dec. 1965 supplement)</subfield>
  </datafield>
  <datafield tag="955" ind1=" " ind2=" ">
    <subfield code="b">BENT</subfield>
    <subfield code="p">39015071845767</subfield>
    <subfield code="z">Johnson &amp; Anderson, Evaluation of load limits of three existing bridges, Ann Arbor, Michigan. [1965?]</subfield>
  </datafield>
  <datafield tag="955" ind1=" " ind2=" ">
    <subfield code="b">BENT</subfield>
    <subfield code="p">39015071845775</subfield>
    <subfield code="z">Johnson &amp; Anderson, Feasibility study, Fuller Road improvements and grade separation replacement of Fuller Road over Consolidated Rail Corp. Jan. 1978</subfield>
  </datafield>
  <datafield tag="955" ind1=" " ind2=" ">
    <subfield code="b">BENT</subfield>
    <subfield code="p">39015071845783</subfield>
    <subfield code="z">Johnson, Johnson &amp; Roy, Kerrytown/Farmers' Market neighborhood study. Jan. 1987.</subfield>
  </datafield>
  <datafield tag="955" ind1=" " ind2=" ">
    <subfield code="b">BENT</subfield>
    <subfield code="p">39015071845791</subfield>
    <subfield code="z">Johnson, Johnson &amp; Roy, Final report recommendations: report on CBD high-rise development and parking. July 1965</subfield>
  </datafield>
  <datafield tag="955" ind1=" " ind2=" ">
    <subfield code="b">BENT</subfield>
    <subfield code="p">39015071845809</subfield>
    <subfield code="z">Johnson, Johnson &amp; Roy, Garden Homes Subdivision study: a plan to guide future physical development. Aug. 1971</subfield>
  </datafield>
  <datafield tag="955" ind1=" " ind2=" ">
    <subfield code="b">BENT</subfield>
    <subfield code="p">39015071845817</subfield>
    <subfield code="z">Johnson, Johnson &amp; Roy, Addenda to the final report recommendations central city high-rise and parking. Aug. 1965</subfield>
  </datafield>
  <datafield tag="955" ind1=" " ind2=" ">
    <subfield code="b">BENT</subfield>
    <subfield code="p">39015071845825</subfield>
    <subfield code="z">Jones &amp; Henry Engineers, and Sanders &amp; Thomas, Washtenaw County, Michigan, plan for the management of solid waste: final report. June 1982</subfield>
  </datafield>
  <datafield tag="955" ind1=" " ind2=" ">
    <subfield code="b">BENT</subfield>
    <subfield code="p">39015071845833</subfield>
    <subfield code="z">Jones &amp; Henry Engineers, A Washtenaw County plan for the management of solid waste: revised plan. Feb. 1975</subfield>
  </datafield>
  <datafield tag="955" ind1=" " ind2=" ">
    <subfield code="b">BENT</subfield>
    <subfield code="p">39015071845841</subfield>
    <subfield code="z">Kaplan Associates, Arbor Main Place development project, Ann Arbor, Michigan, [n.d.]</subfield>
  </datafield>
  <datafield tag="955" ind1=" " ind2=" ">
    <subfield code="b">BENT</subfield>
    <subfield code="p">39015071845858</subfield>
    <subfield code="z">McNamee, Porter &amp; Seeley, and Johnson, Johnson &amp; Roy, Allen's Creek Drain: analysis &amp; preliminary alternatives for relief: interim report prepared for the Washtenaw County Drain Commission. Feb. 1974</subfield>
  </datafield>
  <datafield tag="955" ind1=" " ind2=" ">
    <subfield code="b">BENT</subfield>
    <subfield code="p">39015071845866</subfield>
    <subfield code="z">McNamee, Porter &amp; Seeley, Pollution control plan for the Ann Arbor and Ypsilanti service areas. Aug. 1969</subfield>
  </datafield>
  <datafield tag="955" ind1=" " ind2=" ">
    <subfield code="b">BENT</subfield>
    <subfield code="p">39015071845874</subfield>
    <subfield code="z">McNamee, Porter &amp; Seeley, Sanitary sewerage study for the north and west sides of the city for Ann Arbor, Michigan. Mar. 1969</subfield>
  </datafield>
  <datafield tag="955" ind1=" " ind2=" ">
    <subfield code="b">BENT</subfield>
    <subfield code="p">39015071845882</subfield>
    <subfield code="z">Midwestern Consulting, Traver Lakes, Ann Arbor, Michigan: a planned community in concept, 1969</subfield>
  </datafield>
  <datafield tag="955" ind1=" " ind2=" ">
    <subfield code="b">BENT</subfield>
    <subfield code="p">39015071845890</subfield>
    <subfield code="z">Midwestern Consulting, Plymouth mall, [1972]</subfield>
  </datafield>
  <datafield tag="955" ind1=" " ind2=" ">
    <subfield code="b">BENT</subfield>
    <subfield code="p">39015071845908</subfield>
    <subfield code="z">Midwestern Consulting, Sanitary sewer study: covering a portion of Garden Homes Subdivision for the City of Ann Arbor, Ann Arbor Township. Sept. 1968</subfield>
  </datafield>
  <datafield tag="955" ind1=" " ind2=" ">
    <subfield code="b">BENT</subfield>
    <subfield code="p">39015071845916</subfield>
    <subfield code="z">Midwestern Consulting, Revised final design recommendations for Traver Creek Chapter 20 Drain, city of Ann Arbor. Jan. 1974</subfield>
  </datafield>
  <datafield tag="955" ind1=" " ind2=" ">
    <subfield code="b">BENT</subfield>
    <subfield code="p">39015071845924</subfield>
    <subfield code="z">Midwestern Consulting, Final design recommendations for the Traver Creek Chapter 20 Drain. July 1972</subfield>
  </datafield>
  <datafield tag="955" ind1=" " ind2=" ">
    <subfield code="b">BENT</subfield>
    <subfield code="p">39015071845932</subfield>
    <subfield code="z">Palmer, John S., Project task recommendations for alternative five of the interim report I dated February 1974: a program for action. Nov. 1974</subfield>
  </datafield>
  <datafield tag="955" ind1=" " ind2=" ">
    <subfield code="b">BENT</subfield>
    <subfield code="p">39015071845940</subfield>
    <subfield code="z">Pelz, Donald C., et al., Survey on Ann Arbor transportation--Summer 1973: sponsored by planning Department, Traffic Engineering and Transportation Department, City of Ann Arbor, Michigan. Nov. 1973</subfield>
  </datafield>
  <datafield tag="955" ind1=" " ind2=" ">
    <subfield code="b">BENT</subfield>
    <subfield code="p">39015071845957</subfield>
    <subfield code="z">Phillips, Sandra E., An independent feasibility study of the Ann Arbor Airport. Feb. 1993</subfield>
  </datafield>
  <datafield tag="955" ind1=" " ind2=" ">
    <subfield code="b">BENT</subfield>
    <subfield code="p">39015071845965</subfield>
    <subfield code="z">Pollack Design Associates, Master plan for pedestrian improvements, Downtown Development Authority deistrict, Ann Arbor, Michigan: final draft for review and comment. Jan. 1987</subfield>
  </datafield>
  <datafield tag="955" ind1=" " ind2=" ">
    <subfield code="b">BENT</subfield>
    <subfield code="p">39015071845973</subfield>
    <subfield code="z">Pollack Design Associates, The Ann Arbor Depot: a first phase investigation of location alternaives for rail passenger facilities. Nov. 1979</subfield>
  </datafield>
  <datafield tag="955" ind1=" " ind2=" ">
    <subfield code="b">BENT</subfield>
    <subfield code="p">39015071845981</subfield>
    <subfield code="z">Pollack Design Associates, The Ann Arbor Depot: development alternatives. Apr. 1980</subfield>
  </datafield>
  <datafield tag="955" ind1=" " ind2=" ">
    <subfield code="b">BENT</subfield>
    <subfield code="p">39015071845999</subfield>
    <subfield code="z">Preservation Urban Design, Ann Arbor downtown facade study. Jan. 1976.</subfield>
  </datafield>
  <datafield tag="955" ind1=" " ind2=" ">
    <subfield code="b">BENT</subfield>
    <subfield code="p">39015071846005</subfield>
    <subfield code="z">Preservation Urban Design, Westside neighborhood plan, Ann Arbor, Michigan. Apr. 1977</subfield>
  </datafield>
  <datafield tag="955" ind1=" " ind2=" ">
    <subfield code="b">BENT</subfield>
    <subfield code="p">39015071846013</subfield>
    <subfield code="z">Quinn, Robert P., Survey of citizen satisfaction in Ann Arbor. Aug. 1977</subfield>
  </datafield>
  <datafield tag="955" ind1=" " ind2=" ">
    <subfield code="b">BENT</subfield>
    <subfield code="p">39015071846021</subfield>
    <subfield code="z">R.W. Beck and Associates, Factors affecting the success of residential and commercial recycling programs: mandatory recycling ordinance and variable rate fee structures (Working paper no. 1). Nov. 198</subfield>
  </datafield>
  <datafield tag="955" ind1=" " ind2=" ">
    <subfield code="b">BENT</subfield>
    <subfield code="p">39015071846039</subfield>
    <subfield code="z">Regional Research Associaties, Inc., Growth and development of the city of Ann Arbor, 1970</subfield>
  </datafield>
  <datafield tag="955" ind1=" " ind2=" ">
    <subfield code="b">BENT</subfield>
    <subfield code="p">39015071846047</subfield>
    <subfield code="z">Reid, Lloyd B., Measures for relieving Ann Arbor street traffic conditions: statistical index [1956]</subfield>
  </datafield>
  <datafield tag="955" ind1=" " ind2=" ">
    <subfield code="b">BENT</subfield>
    <subfield code="p">39015071846054</subfield>
    <subfield code="z">Reid, Lloyd B., Measures for relieving Ann Arbor street traffic conditions. Oct. 1956.</subfield>
  </datafield>
  <datafield tag="955" ind1=" " ind2=" ">
    <subfield code="b">BENT</subfield>
    <subfield code="p">39015071846062</subfield>
    <subfield code="z">Reid and Cool, Traffic study, I-94 penetrator routes, Ann Arbor, Michigan. Apr. 1969</subfield>
  </datafield>
  <datafield tag="955" ind1=" " ind2=" ">
    <subfield code="b">BENT</subfield>
    <subfield code="p">39015071846070</subfield>
    <subfield code="z">Reid and Cool, Road improvements required to serve traffic at a Saline Road, I-94 shopping center, Ann Arbor, Michigan. May 1966</subfield>
  </datafield>
  <datafield tag="955" ind1=" " ind2=" ">
    <subfield code="b">BENT</subfield>
    <subfield code="p">39015071846088</subfield>
    <subfield code="z">Reid and Cool, and Atwell-Hicks, Report, I-94 penetrator traffic study, downtown bypass study for the city of Ann Arbor, Michigan. June 1966.</subfield>
  </datafield>
  <datafield tag="955" ind1=" " ind2=" ">
    <subfield code="b">BENT</subfield>
    <subfield code="p">39015071846096</subfield>
    <subfield code="z">Residents Against Packard Platt Plaza, Analysis of proposed Packard Platt Plaza development. [1972?]</subfield>
  </datafield>
  <datafield tag="955" ind1=" " ind2=" ">
    <subfield code="b">BENT</subfield>
    <subfield code="p">39015071846104</subfield>
    <subfield code="z">Sanzenbacher, Miller &amp; Brigham, Report of engineering studies for the proposed improvement of Newport Road Miller Avenue to city limits, city of Ann Arbor, Michigan [1958]</subfield>
  </datafield>
  <datafield tag="955" ind1=" " ind2=" ">
    <subfield code="b">BENT</subfield>
    <subfield code="p">39015071846112</subfield>
    <subfield code="z">Schimpeler-Corradino Associates, Huron Valley corridor study: final report. July 1978.</subfield>
  </datafield>
  <datafield tag="955" ind1=" " ind2=" ">
    <subfield code="b">BENT</subfield>
    <subfield code="p">39015071846120</subfield>
    <subfield code="z">Schimpeler-Corradino Associates, Potential transportation improvement solutions for the Huron Valley Corridor. Nov. 1976</subfield>
  </datafield>
  <datafield tag="955" ind1=" " ind2=" ">
    <subfield code="b">BENT</subfield>
    <subfield code="p">39015071846138</subfield>
    <subfield code="z">Schimpeler-Corradino Associates, Huron Valley corridor study: sketch planning analysis of alternatives. Apr. 1977</subfield>
  </datafield>
  <datafield tag="955" ind1=" " ind2=" ">
    <subfield code="b">BENT</subfield>
    <subfield code="p">39015071846146</subfield>
    <subfield code="z">Schimpeler-Corradino Associates, Huron Valley corridor study: summary detailed planning analysis of alternatives. Oct. 1977</subfield>
  </datafield>
  <datafield tag="955" ind1=" " ind2=" ">
    <subfield code="b">BENT</subfield>
    <subfield code="p">39015071846153</subfield>
    <subfield code="z">Schneider Group, Response to request for proposal for the development of city-owned property at Packard and Main Streets, 1987</subfield>
  </datafield>
  <datafield tag="955" ind1=" " ind2=" ">
    <subfield code="b">BENT</subfield>
    <subfield code="p">39015071846161</subfield>
    <subfield code="z">Schneider Group, Courtyards of The Seasons: a home ownership development, 1988</subfield>
  </datafield>
  <datafield tag="955" ind1=" " ind2=" ">
    <subfield code="b">BENT</subfield>
    <subfield code="p">39015071846179</subfield>
    <subfield code="z">Sullivan, Carol, and Griffin, Denise, Downtown parking: the situation, the need, the prospects. For Ann Arbor Tomorrow. July 1976.</subfield>
  </datafield>
  <datafield tag="955" ind1=" " ind2=" ">
    <subfield code="b">BENT</subfield>
    <subfield code="p">39015071846187</subfield>
    <subfield code="z">Technical Network Inc., A Report on population and housing based on the 1960-1970-1980 federal census: Ann Arbor, Michigan: prepared for Arbor Main Place proposed development. July 1984</subfield>
  </datafield>
  <datafield tag="955" ind1=" " ind2=" ">
    <subfield code="b">BENT</subfield>
    <subfield code="p">39015071846195</subfield>
    <subfield code="z">TransPlan, Inc., Master plan for Ann Arbor Airport: phase I. [1975?]</subfield>
  </datafield>
  <datafield tag="955" ind1=" " ind2=" ">
    <subfield code="b">BENT</subfield>
    <subfield code="p">39015071846203</subfield>
    <subfield code="z">W.C. Gilman &amp; Co., City of Ann Arbor, Michigan, technical transit study. June 1969</subfield>
  </datafield>
  <datafield tag="955" ind1=" " ind2=" ">
    <subfield code="b">BENT</subfield>
    <subfield code="p">39015071846211</subfield>
    <subfield code="z">W.C. Gilman &amp; Co., City of Ann Arbor, Michigan, technical transit study, second interim report to the Transportation Authority, Feb. 1969</subfield>
  </datafield>
  <datafield tag="955" ind1=" " ind2=" ">
    <subfield code="b">BENT</subfield>
    <subfield code="p">39015071846229</subfield>
    <subfield code="z">Wayne C. Johnson &amp; Associates, Economic impact study, Arbor Main proposed development: 180 apartment unites, 13,185 square feet office, 10,497 square feet commercial, and a 304-car parking structure.</subfield>
  </datafield>
  <datafield tag="955" ind1=" " ind2=" ">
    <subfield code="b">BENT</subfield>
    <subfield code="p">39015071846237</subfield>
    <subfield code="z">Zuchelli, Hunter &amp; Associates, Assessment and evaluation of downtown redevelopment opportunities, Ann Arbor, Michigan: prepared for the City of Ann Arbor, Michigan, the Ann Arbor Downtown Development</subfield>
  </datafield>
  <datafield tag="955" ind1=" " ind2=" ">
    <subfield code="b">BENT</subfield>
    <subfield code="p">B1063171</subfield>
  </datafield>
  <controlfield tag="001">002748017</controlfield>
  <controlfield tag="005">20151021153303.0</controlfield>
  <controlfield tag="008">950110m195119uumiu^^^^^^^^^^^000^0^eng^d</controlfield>
  <datafield tag="035" ind1=" " ind2=" ">
    <subfield code="a">(RLIN)MIUV92-B333</subfield>
  </datafield>
  <datafield tag="035" ind1=" " ind2=" ">
    <subfield code="a">(OCoLC)702899240</subfield>
  </datafield>
  <datafield tag="040" ind1=" " ind2=" ">
    <subfield code="a">MiU-H</subfield>
    <subfield code="c">MiU-H</subfield>
    <subfield code="d">MiU-H</subfield>
  </datafield>
  <datafield tag="245" ind1="0" ind2="0">
    <subfield code="a">[Ann Arbor (Mich.) planning consultants' reports].</subfield>
  </datafield>
  <datafield tag="260" ind1=" " ind2=" ">
    <subfield code="c">1951-1993.</subfield>
  </datafield>
  <datafield tag="300" ind1=" " ind2=" ">
    <subfield code="a">3 linear ft.</subfield>
  </datafield>
  <datafield tag="555" ind1="0" ind2=" ">
    <subfield code="a">Finding aid in the library.</subfield>
  </datafield>
  <datafield tag="555" ind1="0" ind2=" ">
    <subfield code="a">Finding aid via World Wide Web at URL: http://quod.lib.umich.edu/cgi/f/findaid/findaid-idx?c=bhlead&amp;idno=umich-bhl-95114</subfield>
  </datafield>
  <datafield tag="651" ind1=" " ind2="0">
    <subfield code="a">Ann Arbor (Mich.)</subfield>
    <subfield code="x">Economic conditions.</subfield>
  </datafield>
  <datafield tag="650" ind1=" " ind2="0">
    <subfield code="a">City planning</subfield>
    <subfield code="z">Michigan</subfield>
    <subfield code="z">Ann Arbor.</subfield>
  </datafield>
  <datafield tag="650" ind1=" " ind2="0">
    <subfield code="a">Transportation</subfield>
    <subfield code="z">Michigan</subfield>
    <subfield code="z">Ann Arbor</subfield>
    <subfield code="x">Planning.</subfield>
  </datafield>
  <datafield tag="700" ind1="1" ind2=" ">
    <subfield code="a">Ahern, Richard D.</subfield>
  </datafield>
  <datafield tag="700" ind1="1" ind2=" ">
    <subfield code="a">Barnes, Douglas.</subfield>
  </datafield>
  <datafield tag="700" ind1="1" ind2=" ">
    <subfield code="a">Byrd, David R.</subfield>
  </datafield>
  <datafield tag="700" ind1="1" ind2=" ">
    <subfield code="a">Dykema, James.</subfield>
  </datafield>
  <datafield tag="700" ind1="1" ind2=" ">
    <subfield code="a">Griffin, Denise.</subfield>
  </datafield>
  <datafield tag="700" ind1="1" ind2=" ">
    <subfield code="a">Hoffman, L. Wallace.</subfield>
  </datafield>
  <datafield tag="700" ind1="1" ind2=" ">
    <subfield code="a">Johnson, William J.</subfield>
  </datafield>
  <datafield tag="700" ind1="1" ind2=" ">
    <subfield code="a">Palmer, John S.</subfield>
  </datafield>
  <datafield tag="700" ind1="1" ind2=" ">
    <subfield code="a">Pelz, Donald Campbell,</subfield>
    <subfield code="d">1921-</subfield>
  </datafield>
  <datafield tag="700" ind1="1" ind2=" ">
    <subfield code="a">Quinn, Robert P.</subfield>
  </datafield>
  <datafield tag="700" ind1="1" ind2=" ">
    <subfield code="a">Reid, Lloyd B.</subfield>
  </datafield>
  <datafield tag="700" ind1="1" ind2=" ">
    <subfield code="a">Sullivan, Carol.</subfield>
  </datafield>
  <datafield tag="700" ind1="1" ind2=" ">
    <subfield code="a">Zeidman, Fred.</subfield>
  </datafield>
  <datafield tag="710" ind1="2" ind2=" ">
    <subfield code="a">Alan M. Voorhees &amp; Associates.</subfield>
  </datafield>
  <datafield tag="710" ind1="2" ind2=" ">
    <subfield code="a">Ann Arbor Municipal Airport Advisory Committee.</subfield>
  </datafield>
  <datafield tag="710" ind1="2" ind2=" ">
    <subfield code="a">Ann Arbor Tomorrow.</subfield>
  </datafield>
  <datafield tag="710" ind1="2" ind2=" ">
    <subfield code="a">Atwell-Hicks.</subfield>
  </datafield>
  <datafield tag="710" ind1="2" ind2=" ">
    <subfield code="a">Ayres, Lewis, Norris, and May.</subfield>
  </datafield>
  <datafield tag="710" ind1="2" ind2=" ">
    <subfield code="a">Barton-Aschman Associates.</subfield>
  </datafield>
  <datafield tag="710" ind1="2" ind2=" ">
    <subfield code="a">Beckett Raeder Rankin Inc.</subfield>
  </datafield>
  <datafield tag="710" ind1="2" ind2=" ">
    <subfield code="a">BRH Mobility Services Company.</subfield>
  </datafield>
  <datafield tag="710" ind1="2" ind2=" ">
    <subfield code="a">Brewer Engineering.</subfield>
  </datafield>
  <datafield tag="710" ind1="2" ind2=" ">
    <subfield code="a">Colvin-Robinson Associates.</subfield>
  </datafield>
  <datafield tag="710" ind1="1" ind2=" ">
    <subfield code="a">Ann Arbor (Mich.).</subfield>
    <subfield code="b">Community Planning and Management.</subfield>
  </datafield>
  <datafield tag="710" ind1="2" ind2=" ">
    <subfield code="a">Community Systems Foundation.</subfield>
  </datafield>
  <datafield tag="710" ind1="2" ind2=" ">
    <subfield code="a">Economics Research Associates.</subfield>
  </datafield>
  <datafield tag="710" ind1="2" ind2=" ">
    <subfield code="a">Eisenhower Community Council.</subfield>
  </datafield>
  <datafield tag="710" ind1="2" ind2=" ">
    <subfield code="a">Ford Motor Company.</subfield>
    <subfield code="b">Transportation Research and Planning Office.</subfield>
  </datafield>
  <datafield tag="710" ind1="2" ind2=" ">
    <subfield code="a">Harland Bartholomew &amp; Associates.</subfield>
  </datafield>
  <datafield tag="710" ind1="2" ind2=" ">
    <subfield code="a">Hellmuth, Obata &amp; Kassabaum.</subfield>
  </datafield>
  <datafield tag="710" ind1="2" ind2=" ">
    <subfield code="a">Herrmann Holman Meneghini Overhiser.</subfield>
  </datafield>
  <datafield tag="710" ind1="2" ind2=" ">
    <subfield code="a">Hubbell, Roth and Clark.</subfield>
  </datafield>
  <datafield tag="710" ind1="2" ind2=" ">
    <subfield code="a">Johnson &amp; Anderson.</subfield>
  </datafield>
  <datafield tag="710" ind1="2" ind2=" ">
    <subfield code="a">Johnson, Johnson &amp; Roy.</subfield>
  </datafield>
  <datafield tag="710" ind1="2" ind2=" ">
    <subfield code="a">Jones &amp; Henry Engineers.</subfield>
  </datafield>
  <datafield tag="710" ind1="2" ind2=" ">
    <subfield code="a">McNamee, Porter, and Seeley.</subfield>
  </datafield>
  <datafield tag="710" ind1="2" ind2=" ">
    <subfield code="a">Metro Engineers, Inc.</subfield>
  </datafield>
  <datafield tag="710" ind1="2" ind2=" ">
    <subfield code="a">Preservation Urban Design Incorporated.</subfield>
  </datafield>
  <datafield tag="710" ind1="2" ind2=" ">
    <subfield code="a">Ralph M. Parsons Company.</subfield>
  </datafield>
  <datafield tag="710" ind1="2" ind2=" ">
    <subfield code="a">Reid and Cool (Firm)</subfield>
  </datafield>
  <datafield tag="710" ind1="2" ind2=" ">
    <subfield code="a">Residents Against Packard Platt Plaza.</subfield>
  </datafield>
  <datafield tag="710" ind1="2" ind2=" ">
    <subfield code="a">Sanders &amp; Thomas.</subfield>
  </datafield>
  <datafield tag="710" ind1="2" ind2=" ">
    <subfield code="a">Schimpeler-Corradino Associates.</subfield>
  </datafield>
  <datafield tag="710" ind1="2" ind2=" ">
    <subfield code="a">Technical Network Inc.</subfield>
  </datafield>
  <datafield tag="710" ind1="2" ind2=" ">
    <subfield code="a">TransPlan, Inc.</subfield>
  </datafield>
  <datafield tag="710" ind1="2" ind2=" ">
    <subfield code="a">W.C. Gilman &amp; Co.</subfield>
  </datafield>
  <datafield tag="710" ind1="2" ind2=" ">
    <subfield code="a">Wayne C. Johnson &amp; Associates.</subfield>
  </datafield>
  <datafield tag="710" ind1="2" ind2=" ">
    <subfield code="a">Zuchelli, Hunter &amp; Associates.</subfield>
  </datafield>
  <datafield tag="700" ind1="1" ind2=" ">
    <subfield code="a">Billetdeaux, Neal.</subfield>
  </datafield>
  <datafield tag="710" ind1="2" ind2=" ">
    <subfield code="a">BRW Inc.</subfield>
  </datafield>
  <datafield tag="710" ind1="2" ind2=" ">
    <subfield code="a">R.W. Beck and Associates.</subfield>
  </datafield>
  <datafield tag="710" ind1="2" ind2=" ">
    <subfield code="a">Pollack Design Associates.</subfield>
  </datafield>
  <datafield tag="700" ind1="1" ind2=" ">
    <subfield code="a">Phillips, Sandra E.</subfield>
  </datafield>
  <datafield tag="710" ind1="2" ind2=" ">
    <subfield code="a">Midwestern Consulting, Inc.</subfield>
  </datafield>
  <datafield tag="856" ind1="4" ind2="2">
    <subfield code="3">Finding aid:</subfield>
    <subfield code="u">http://quod.lib.umich.edu/cgi/f/findaid/findaid-idx?c=bhlead&amp;idno=umich-bhl-95114</subfield>
  </datafield>
  <datafield tag="852" ind1="8" ind2=" ">
    <subfield code="a">MiU-H</subfield>
    <subfield code="b">BENT</subfield>
    <subfield code="h">95114 Aa 2 Box 1</subfield>
  </datafield>
  <datafield tag="852" ind1="8" ind2=" ">
    <subfield code="a">MiU-H</subfield>
    <subfield code="b">BENT</subfield>
    <subfield code="h">95114 Aa 2 Box 3</subfield>
  </datafield>
  <datafield tag="852" ind1="8" ind2=" ">
    <subfield code="a">MiU-H</subfield>
    <subfield code="b">BENT</subfield>
    <subfield code="h">95114 Aa 2 Box 2</subfield>
  </datafield>
  <datafield tag="997" ind1=" " ind2=" ">
    <subfield code="a">MARS</subfield>
  </datafield>
  <datafield tag="998" ind1=" " ind2=" ">
    <subfield code="c">LAC</subfield>
    <subfield code="s">9114</subfield>
  </datafield>
  <datafield tag="955" ind1=" " ind2=" ">
    <subfield code="b">BENT</subfield>
    <subfield code="p">39015071845270</subfield>
    <subfield code="z">Author unknown, The Huron River Valley study. [196-]</subfield>
  </datafield>
  <datafield tag="955" ind1=" " ind2=" ">
    <subfield code="b">BENT</subfield>
    <subfield code="p">39015071845288</subfield>
    <subfield code="z">Author unknown, Research Park Service Center: a planned unit development, [n.d.]</subfield>
  </datafield>
  <datafield tag="955" ind1=" " ind2=" ">
    <subfield code="b">BENT</subfield>
    <subfield code="p">39015071845296</subfield>
    <subfield code="z">Ahern, Richard D., Thirty high: a survey of the potential of properties owned, optioned, or controlled by the Ann Arbor apartments trust, relative to their surrounding environs, 1965</subfield>
  </datafield>
  <datafield tag="955" ind1=" " ind2=" ">
    <subfield code="b">BENT</subfield>
    <subfield code="p">39015071845304</subfield>
    <subfield code="z">Ahern, Richard D., A critique of the Central city high-rise and parking report. July 1965</subfield>
  </datafield>
  <datafield tag="955" ind1=" " ind2=" ">
    <subfield code="b">BENT</subfield>
    <subfield code="p">39015071845312</subfield>
    <subfield code="z">Alan M. Voorhees &amp; Associates, in association with Economic Research Associates, Ann Arbor circulation study: prepared for city of Ann Arbor, Michigan, 1974-1975. June 1975</subfield>
  </datafield>
  <datafield tag="955" ind1=" " ind2=" ">
    <subfield code="b">BENT</subfield>
    <subfield code="p">39015071845320</subfield>
    <subfield code="z">Ann Arbor Municipal Airport Advisory Committee, A study of the Ann Arbor Municipal Airport. Apr. 1962</subfield>
  </datafield>
  <datafield tag="955" ind1=" " ind2=" ">
    <subfield code="b">BENT</subfield>
    <subfield code="p">39015071845338</subfield>
    <subfield code="z">Ann Arbor Mutual Housing Association, The Kemnitz Center, Senior Housing &amp; Activities Center: proposal for redevelopment of The Ann Arbor Inn, 1993</subfield>
  </datafield>
  <datafield tag="955" ind1=" " ind2=" ">
    <subfield code="b">BENT</subfield>
    <subfield code="p">39015071845346</subfield>
    <subfield code="z">Ann Arbor Tomorrow, Downtown evening-use survey, by Fred Zeidman. Mar. 1974</subfield>
  </datafield>
  <datafield tag="955" ind1=" " ind2=" ">
    <subfield code="b">BENT</subfield>
    <subfield code="p">39015071845353</subfield>
    <subfield code="z">Ann Arbor Tomorrow, Carpooling in downtown: background and feasability for a carpool demonstration program in Ann Arbor, Michigan, 1979</subfield>
  </datafield>
  <datafield tag="955" ind1=" " ind2=" ">
    <subfield code="b">BENT</subfield>
    <subfield code="p">39015071845361</subfield>
    <subfield code="z">Ann Arbor Tomorrow, Renovating upper stories: housing in the downtown, Ann Arbor, Michigan. Apr. 1978</subfield>
  </datafield>
  <datafield tag="955" ind1=" " ind2=" ">
    <subfield code="b">BENT</subfield>
    <subfield code="p">39015071845379</subfield>
    <subfield code="z">Ann Arbor Tomorrow, Annual report. 1977/1978</subfield>
  </datafield>
  <datafield tag="955" ind1=" " ind2=" ">
    <subfield code="b">BENT</subfield>
    <subfield code="p">39015071845387</subfield>
    <subfield code="z">Ann Arbor Tomorrow, Ann Arbor circulation study: a summary of the position of the Ann Arbor tomorrow Advisory Council on recommendations afecting the downtown. July 1, 1975</subfield>
  </datafield>
  <datafield tag="955" ind1=" " ind2=" ">
    <subfield code="b">BENT</subfield>
    <subfield code="p">39015071845395</subfield>
    <subfield code="z">Arbor Main Associates, Arbor Main Place: a downtown anchor, [1985] (2 different versions)</subfield>
  </datafield>
  <datafield tag="955" ind1=" " ind2=" ">
    <subfield code="b">BENT</subfield>
    <subfield code="p">39015071845403</subfield>
    <subfield code="z">Arbor Main Associates, Arbor Main Place: a downtown anchor, [1985] (2 different versions)</subfield>
  </datafield>
  <datafield tag="955" ind1=" " ind2=" ">
    <subfield code="b">BENT</subfield>
    <subfield code="p">39015071845411</subfield>
    <subfield code="z">Arbor Main Associates, Proposal for development on city-owned property at Packard and Main Streets, 1987</subfield>
  </datafield>
  <datafield tag="955" ind1=" " ind2=" ">
    <subfield code="b">BENT</subfield>
    <subfield code="p">39015071845429</subfield>
    <subfield code="z">Arbor Main Associates, Arbor Main Place: a multiple purpose facility, [1986]</subfield>
  </datafield>
  <datafield tag="955" ind1=" " ind2=" ">
    <subfield code="b">BENT</subfield>
    <subfield code="p">39015071845437</subfield>
    <subfield code="z">Atwell-Hicks, Sanitary sewer study of the area bounded by Plymouth Road, Traver Creek, Dhu Varren Road and the divide easterly. June 1958</subfield>
  </datafield>
  <datafield tag="955" ind1=" " ind2=" ">
    <subfield code="b">BENT</subfield>
    <subfield code="p">39015071845445</subfield>
    <subfield code="z">Ayres, Lewis, Norris &amp; May, A report on the city owned Huron River dams improvement and reconstruction recommendations. Mar. 1969</subfield>
  </datafield>
  <datafield tag="955" ind1=" " ind2=" ">
    <subfield code="b">BENT</subfield>
    <subfield code="p">39015071845452</subfield>
    <subfield code="z">Barnes, Douglas, et al., Hill Street: investigation of the planning process in Ann Arbor. Apr. 1972</subfield>
  </datafield>
  <datafield tag="955" ind1=" " ind2=" ">
    <subfield code="b">BENT</subfield>
    <subfield code="p">39015071845460</subfield>
    <subfield code="z">Barton-Aschman Associates, Evaluation of alternative transit concepts [for Ann Arbor Transportation Authority]. Jan. 1979.</subfield>
  </datafield>
  <datafield tag="955" ind1=" " ind2=" ">
    <subfield code="b">BENT</subfield>
    <subfield code="p">39015071845478</subfield>
    <subfield code="z">Barton-Aschman Associates, Ann Arbor Urban Area transportation study: proposed bikeway system. May 1974</subfield>
  </datafield>
  <datafield tag="955" ind1=" " ind2=" ">
    <subfield code="b">BENT</subfield>
    <subfield code="p">39015071845486</subfield>
    <subfield code="z">Barton-Aschman Associates, A transportation plan for the Ann Arbor Ypsilanti urbanized area. July 1975</subfield>
  </datafield>
  <datafield tag="955" ind1=" " ind2=" ">
    <subfield code="b">BENT</subfield>
    <subfield code="p">39015071845494</subfield>
    <subfield code="z">Beckett and Raeder Inc., Dominoâs Farms: Dominoâs Pizza Incorporated, World Headquarters, proposed development plan, 1983</subfield>
  </datafield>
  <datafield tag="955" ind1=" " ind2=" ">
    <subfield code="b">BENT</subfield>
    <subfield code="p">39015071845502</subfield>
    <subfield code="z">Beckett Raeder Rankin, A Study for the Eastern Michigan University, Saint Joseph Mercy Hospital, Washtenaw Community College corridor. June 1979</subfield>
  </datafield>
  <datafield tag="955" ind1=" " ind2=" ">
    <subfield code="b">BENT</subfield>
    <subfield code="p">39015071845510</subfield>
    <subfield code="z">Billetdeaux, Neal, Brooke Farquhar, and Patricia Lang, North Main Street corridor: introduction and overview. Feb. 16, 1987</subfield>
  </datafield>
  <datafield tag="955" ind1=" " ind2=" ">
    <subfield code="b">BENT</subfield>
    <subfield code="p">39015071845528</subfield>
    <subfield code="z">Brewer Engineering, Master plan report: Ann Arbor Municipal Airport--Ann Arbor, Michigan. Sept. 1969</subfield>
  </datafield>
  <datafield tag="955" ind1=" " ind2=" ">
    <subfield code="b">BENT</subfield>
    <subfield code="p">39015071845536</subfield>
    <subfield code="z">BRH Mobility Services Company, Ann Arbor New-Tran basic project plan: report to Ann Arbor Transportation Authority. Dec. 1973</subfield>
  </datafield>
  <datafield tag="955" ind1=" " ind2=" ">
    <subfield code="b">BENT</subfield>
    <subfield code="p">39015071845544</subfield>
    <subfield code="z">BRW, Inc., Ann Arbor transportation plan. Nov. 1990</subfield>
  </datafield>
  <datafield tag="955" ind1=" " ind2=" ">
    <subfield code="b">BENT</subfield>
    <subfield code="p">39015071845551</subfield>
    <subfield code="z">Building Officials Conference of America, A study of code enforcement in the city of Ann Arbor, Michigan. Feb. 1969</subfield>
  </datafield>
  <datafield tag="955" ind1=" " ind2=" ">
    <subfield code="b">BENT</subfield>
    <subfield code="p">39015071845569</subfield>
    <subfield code="z">Byrd, David R., The challenge of change. 1968</subfield>
  </datafield>
  <datafield tag="955" ind1=" " ind2=" ">
    <subfield code="b">BENT</subfield>
    <subfield code="p">39015071845577</subfield>
    <subfield code="z">Colvin, Robinson, Wright &amp; Associates, City of Ann Arbor, Mich. Washington St.-Fourth Ave. parking structure, n.d.</subfield>
  </datafield>
  <datafield tag="955" ind1=" " ind2=" ">
    <subfield code="b">BENT</subfield>
    <subfield code="p">39015071845585</subfield>
    <subfield code="z">Community Systems Foundation, A planning programming budgeting system for the city of Ann Arbor: two years progress in implementation. [1970?]</subfield>
  </datafield>
  <datafield tag="955" ind1=" " ind2=" ">
    <subfield code="b">BENT</subfield>
    <subfield code="p">39015071845593</subfield>
    <subfield code="z">Dykema, James, et al., An Economic analysis of the Liberty Street corridor for Ann Arbor Tomorrow. Dec. 1976</subfield>
  </datafield>
  <datafield tag="955" ind1=" " ind2=" ">
    <subfield code="b">BENT</subfield>
    <subfield code="p">39015071845601</subfield>
    <subfield code="z">Eberle M. Smith Associates, Inc., Proposed parking deck, Ann Arbor, Michigan, [1969]</subfield>
  </datafield>
  <datafield tag="955" ind1=" " ind2=" ">
    <subfield code="b">BENT</subfield>
    <subfield code="p">39015071845619</subfield>
    <subfield code="z">Economic Research Associates, Analysis of future growth potential in the central circulation district in Ann Arbor, Michigan: prepared for Alan M. Voorhees and Associates. Mar. 1974</subfield>
  </datafield>
  <datafield tag="955" ind1=" " ind2=" ">
    <subfield code="b">BENT</subfield>
    <subfield code="p">39015071845627</subfield>
    <subfield code="z">Eisenhower Community Council, and Johnson, William J., Community values and thoroughfare planning. Apr. 1973</subfield>
  </datafield>
  <datafield tag="955" ind1=" " ind2=" ">
    <subfield code="b">BENT</subfield>
    <subfield code="p">39015071845635</subfield>
    <subfield code="z">First Centrum Corporation,  [Redevelopment proposal for the Ann Arbor Inn], 1993</subfield>
  </datafield>
  <datafield tag="955" ind1=" " ind2=" ">
    <subfield code="b">BENT</subfield>
    <subfield code="p">39015071845643</subfield>
    <subfield code="z">Ford Motor Company. Transportation Research and Planning Office, Interim report: Teltran facilities requirements: prepared for the Ann Arbor Transportation Authority. Sept. 1973</subfield>
  </datafield>
  <datafield tag="955" ind1=" " ind2=" ">
    <subfield code="b">BENT</subfield>
    <subfield code="p">39015071845650</subfield>
    <subfield code="z">Harland Bartholomew and Associates, A Traffic and parking analysis: the Ann Arbor thoroughfare plan in relation to University of Michigan Central Campus study: prepared for City of Ann Arbor, Universi</subfield>
  </datafield>
  <datafield tag="955" ind1=" " ind2=" ">
    <subfield code="b">BENT</subfield>
    <subfield code="p">39015071845668</subfield>
    <subfield code="z">Hellmuth, Obata &amp; Kassabaum in association with Colvin-Robinson Associates, Master plan report for Washtenaw County, Michigan, criminal justice center. July 1975</subfield>
  </datafield>
  <datafield tag="955" ind1=" " ind2=" ">
    <subfield code="b">BENT</subfield>
    <subfield code="p">39015071845676</subfield>
    <subfield code="z">Herrmann Holman Meneghini Overhiser, Ann Arbor Transportation Authority downtown Ann Arbor transit center: a design study, phase II. Sept. 1984</subfield>
  </datafield>
  <datafield tag="955" ind1=" " ind2=" ">
    <subfield code="b">BENT</subfield>
    <subfield code="p">39015071845684</subfield>
    <subfield code="z">Hobbs &amp; Black Associaties, Ashley Plaza, 1987</subfield>
  </datafield>
  <datafield tag="955" ind1=" " ind2=" ">
    <subfield code="b">BENT</subfield>
    <subfield code="p">39015071845692</subfield>
    <subfield code="z">Hobbs &amp; Black Associaties, Kojaian Building, Ann Arbor, Michigan, [n.d.]</subfield>
  </datafield>
  <datafield tag="955" ind1=" " ind2=" ">
    <subfield code="b">BENT</subfield>
    <subfield code="p">39015071845700</subfield>
    <subfield code="z">Hoffman, L. Wallace, From divorce court to family court: a survey of the Washtenaw County Circuit Court and the community attitudes toward the development of a marriage counseling service. 1951</subfield>
  </datafield>
  <datafield tag="955" ind1=" " ind2=" ">
    <subfield code="b">BENT</subfield>
    <subfield code="p">39015071845718</subfield>
    <subfield code="z">Hubbell, Roth and Clark, and Metro Engineers, Inc., and McNamee, Porter &amp; Seeley, Summary report of draft I of the facility plan for the Huron Valley Wastewater Control System in Wayne and Oakland Cou</subfield>
  </datafield>
  <datafield tag="955" ind1=" " ind2=" ">
    <subfield code="b">BENT</subfield>
    <subfield code="p">39015071845726</subfield>
    <subfield code="z">Huron-D&amp;A Associates Partnership, Huron Plaza, Ann Arbor, Michigan, [1982]</subfield>
  </datafield>
  <datafield tag="955" ind1=" " ind2=" ">
    <subfield code="b">BENT</subfield>
    <subfield code="p">39015071845734</subfield>
    <subfield code="z">Johnson &amp; Anderson, Feasibility study, Forest Avenue improvements, Ann Arbor, Michigan. Sept. 1965</subfield>
  </datafield>
  <datafield tag="955" ind1=" " ind2=" ">
    <subfield code="b">BENT</subfield>
    <subfield code="p">39015071845742</subfield>
    <subfield code="z">Johnson &amp; Anderson, Feasibility study, Forest Avenue improvements, Ann Arbor, Michigan. July 1965</subfield>
  </datafield>
  <datafield tag="955" ind1=" " ind2=" ">
    <subfield code="b">BENT</subfield>
    <subfield code="p">39015071845759</subfield>
    <subfield code="z">Johnson &amp; Anderson, Feasibility study, Forest Avenue improvements, Ann Arbor, Michigan. Aug. 1965 (with Dec. 1965 supplement)</subfield>
  </datafield>
  <datafield tag="955" ind1=" " ind2=" ">
    <subfield code="b">BENT</subfield>
    <subfield code="p">39015071845767</subfield>
    <subfield code="z">Johnson &amp; Anderson, Evaluation of load limits of three existing bridges, Ann Arbor, Michigan. [1965?]</subfield>
  </datafield>
  <datafield tag="955" ind1=" " ind2=" ">
    <subfield code="b">BENT</subfield>
    <subfield code="p">39015071845775</subfield>
    <subfield code="z">Johnson &amp; Anderson, Feasibility study, Fuller Road improvements and grade separation replacement of Fuller Road over Consolidated Rail Corp. Jan. 1978</subfield>
  </datafield>
  <datafield tag="955" ind1=" " ind2=" ">
    <subfield code="b">BENT</subfield>
    <subfield code="p">39015071845783</subfield>
    <subfield code="z">Johnson, Johnson &amp; Roy, Kerrytown/Farmers' Market neighborhood study. Jan. 1987.</subfield>
  </datafield>
  <datafield tag="955" ind1=" " ind2=" ">
    <subfield code="b">BENT</subfield>
    <subfield code="p">39015071845791</subfield>
    <subfield code="z">Johnson, Johnson &amp; Roy, Final report recommendations: report on CBD high-rise development and parking. July 1965</subfield>
  </datafield>
  <datafield tag="955" ind1=" " ind2=" ">
    <subfield code="b">BENT</subfield>
    <subfield code="p">39015071845809</subfield>
    <subfield code="z">Johnson, Johnson &amp; Roy, Garden Homes Subdivision study: a plan to guide future physical development. Aug. 1971</subfield>
  </datafield>
  <datafield tag="955" ind1=" " ind2=" ">
    <subfield code="b">BENT</subfield>
    <subfield code="p">39015071845817</subfield>
    <subfield code="z">Johnson, Johnson &amp; Roy, Addenda to the final report recommendations central city high-rise and parking. Aug. 1965</subfield>
  </datafield>
  <datafield tag="955" ind1=" " ind2=" ">
    <subfield code="b">BENT</subfield>
    <subfield code="p">39015071845825</subfield>
    <subfield code="z">Jones &amp; Henry Engineers, and Sanders &amp; Thomas, Washtenaw County, Michigan, plan for the management of solid waste: final report. June 1982</subfield>
  </datafield>
  <datafield tag="955" ind1=" " ind2=" ">
    <subfield code="b">BENT</subfield>
    <subfield code="p">39015071845833</subfield>
    <subfield code="z">Jones &amp; Henry Engineers, A Washtenaw County plan for the management of solid waste: revised plan. Feb. 1975</subfield>
  </datafield>
  <datafield tag="955" ind1=" " ind2=" ">
    <subfield code="b">BENT</subfield>
    <subfield code="p">39015071845841</subfield>
    <subfield code="z">Kaplan Associates, Arbor Main Place development project, Ann Arbor, Michigan, [n.d.]</subfield>
  </datafield>
  <datafield tag="955" ind1=" " ind2=" ">
    <subfield code="b">BENT</subfield>
    <subfield code="p">39015071845858</subfield>
    <subfield code="z">McNamee, Porter &amp; Seeley, and Johnson, Johnson &amp; Roy, Allen's Creek Drain: analysis &amp; preliminary alternatives for relief: interim report prepared for the Washtenaw County Drain Commission. Feb. 1974</subfield>
  </datafield>
  <datafield tag="955" ind1=" " ind2=" ">
    <subfield code="b">BENT</subfield>
    <subfield code="p">39015071845866</subfield>
    <subfield code="z">McNamee, Porter &amp; Seeley, Pollution control plan for the Ann Arbor and Ypsilanti service areas. Aug. 1969</subfield>
  </datafield>
  <datafield tag="955" ind1=" " ind2=" ">
    <subfield code="b">BENT</subfield>
    <subfield code="p">39015071845874</subfield>
    <subfield code="z">McNamee, Porter &amp; Seeley, Sanitary sewerage study for the north and west sides of the city for Ann Arbor, Michigan. Mar. 1969</subfield>
  </datafield>
  <datafield tag="955" ind1=" " ind2=" ">
    <subfield code="b">BENT</subfield>
    <subfield code="p">39015071845882</subfield>
    <subfield code="z">Midwestern Consulting, Traver Lakes, Ann Arbor, Michigan: a planned community in concept, 1969</subfield>
  </datafield>
  <datafield tag="955" ind1=" " ind2=" ">
    <subfield code="b">BENT</subfield>
    <subfield code="p">39015071845890</subfield>
    <subfield code="z">Midwestern Consulting, Plymouth mall, [1972]</subfield>
  </datafield>
  <datafield tag="955" ind1=" " ind2=" ">
    <subfield code="b">BENT</subfield>
    <subfield code="p">39015071845908</subfield>
    <subfield code="z">Midwestern Consulting, Sanitary sewer study: covering a portion of Garden Homes Subdivision for the City of Ann Arbor, Ann Arbor Township. Sept. 1968</subfield>
  </datafield>
  <datafield tag="955" ind1=" " ind2=" ">
    <subfield code="b">BENT</subfield>
    <subfield code="p">39015071845916</subfield>
    <subfield code="z">Midwestern Consulting, Revised final design recommendations for Traver Creek Chapter 20 Drain, city of Ann Arbor. Jan. 1974</subfield>
  </datafield>
  <datafield tag="955" ind1=" " ind2=" ">
    <subfield code="b">BENT</subfield>
    <subfield code="p">39015071845924</subfield>
    <subfield code="z">Midwestern Consulting, Final design recommendations for the Traver Creek Chapter 20 Drain. July 1972</subfield>
  </datafield>
  <datafield tag="955" ind1=" " ind2=" ">
    <subfield code="b">BENT</subfield>
    <subfield code="p">39015071845932</subfield>
    <subfield code="z">Palmer, John S., Project task recommendations for alternative five of the interim report I dated February 1974: a program for action. Nov. 1974</subfield>
  </datafield>
  <datafield tag="955" ind1=" " ind2=" ">
    <subfield code="b">BENT</subfield>
    <subfield code="p">39015071845940</subfield>
    <subfield code="z">Pelz, Donald C., et al., Survey on Ann Arbor transportation--Summer 1973: sponsored by planning Department, Traffic Engineering and Transportation Department, City of Ann Arbor, Michigan. Nov. 1973</subfield>
  </datafield>
  <datafield tag="955" ind1=" " ind2=" ">
    <subfield code="b">BENT</subfield>
    <subfield code="p">39015071845957</subfield>
    <subfield code="z">Phillips, Sandra E., An independent feasibility study of the Ann Arbor Airport. Feb. 1993</subfield>
  </datafield>
  <datafield tag="955" ind1=" " ind2=" ">
    <subfield code="b">BENT</subfield>
    <subfield code="p">39015071845965</subfield>
    <subfield code="z">Pollack Design Associates, Master plan for pedestrian improvements, Downtown Development Authority deistrict, Ann Arbor, Michigan: final draft for review and comment. Jan. 1987</subfield>
  </datafield>
  <datafield tag="955" ind1=" " ind2=" ">
    <subfield code="b">BENT</subfield>
    <subfield code="p">39015071845973</subfield>
    <subfield code="z">Pollack Design Associates, The Ann Arbor Depot: a first phase investigation of location alternaives for rail passenger facilities. Nov. 1979</subfield>
  </datafield>
  <datafield tag="955" ind1=" " ind2=" ">
    <subfield code="b">BENT</subfield>
    <subfield code="p">39015071845981</subfield>
    <subfield code="z">Pollack Design Associates, The Ann Arbor Depot: development alternatives. Apr. 1980</subfield>
  </datafield>
  <datafield tag="955" ind1=" " ind2=" ">
    <subfield code="b">BENT</subfield>
    <subfield code="p">39015071845999</subfield>
    <subfield code="z">Preservation Urban Design, Ann Arbor downtown facade study. Jan. 1976.</subfield>
  </datafield>
  <datafield tag="955" ind1=" " ind2=" ">
    <subfield code="b">BENT</subfield>
    <subfield code="p">39015071846005</subfield>
    <subfield code="z">Preservation Urban Design, Westside neighborhood plan, Ann Arbor, Michigan. Apr. 1977</subfield>
  </datafield>
  <datafield tag="955" ind1=" " ind2=" ">
    <subfield code="b">BENT</subfield>
    <subfield code="p">39015071846013</subfield>
    <subfield code="z">Quinn, Robert P., Survey of citizen satisfaction in Ann Arbor. Aug. 1977</subfield>
  </datafield>
  <datafield tag="955" ind1=" " ind2=" ">
    <subfield code="b">BENT</subfield>
    <subfield code="p">39015071846021</subfield>
    <subfield code="z">R.W. Beck and Associates, Factors affecting the success of residential and commercial recycling programs: mandatory recycling ordinance and variable rate fee structures (Working paper no. 1). Nov. 198</subfield>
  </datafield>
  <datafield tag="955" ind1=" " ind2=" ">
    <subfield code="b">BENT</subfield>
    <subfield code="p">39015071846039</subfield>
    <subfield code="z">Regional Research Associaties, Inc., Growth and development of the city of Ann Arbor, 1970</subfield>
  </datafield>
  <datafield tag="955" ind1=" " ind2=" ">
    <subfield code="b">BENT</subfield>
    <subfield code="p">39015071846047</subfield>
    <subfield code="z">Reid, Lloyd B., Measures for relieving Ann Arbor street traffic conditions: statistical index [1956]</subfield>
  </datafield>
  <datafield tag="955" ind1=" " ind2=" ">
    <subfield code="b">BENT</subfield>
    <subfield code="p">39015071846054</subfield>
    <subfield code="z">Reid, Lloyd B., Measures for relieving Ann Arbor street traffic conditions. Oct. 1956.</subfield>
  </datafield>
  <datafield tag="955" ind1=" " ind2=" ">
    <subfield code="b">BENT</subfield>
    <subfield code="p">39015071846062</subfield>
    <subfield code="z">Reid and Cool, Traffic study, I-94 penetrator routes, Ann Arbor, Michigan. Apr. 1969</subfield>
  </datafield>
  <datafield tag="955" ind1=" " ind2=" ">
    <subfield code="b">BENT</subfield>
    <subfield code="p">39015071846070</subfield>
    <subfield code="z">Reid and Cool, Road improvements required to serve traffic at a Saline Road, I-94 shopping center, Ann Arbor, Michigan. May 1966</subfield>
  </datafield>
  <datafield tag="955" ind1=" " ind2=" ">
    <subfield code="b">BENT</subfield>
    <subfield code="p">39015071846088</subfield>
    <subfield code="z">Reid and Cool, and Atwell-Hicks, Report, I-94 penetrator traffic study, downtown bypass study for the city of Ann Arbor, Michigan. June 1966.</subfield>
  </datafield>
  <datafield tag="955" ind1=" " ind2=" ">
    <subfield code="b">BENT</subfield>
    <subfield code="p">39015071846096</subfield>
    <subfield code="z">Residents Against Packard Platt Plaza, Analysis of proposed Packard Platt Plaza development. [1972?]</subfield>
  </datafield>
  <datafield tag="955" ind1=" " ind2=" ">
    <subfield code="b">BENT</subfield>
    <subfield code="p">39015071846104</subfield>
    <subfield code="z">Sanzenbacher, Miller &amp; Brigham, Report of engineering studies for the proposed improvement of Newport Road Miller Avenue to city limits, city of Ann Arbor, Michigan [1958]</subfield>
  </datafield>
  <datafield tag="955" ind1=" " ind2=" ">
    <subfield code="b">BENT</subfield>
    <subfield code="p">39015071846112</subfield>
    <subfield code="z">Schimpeler-Corradino Associates, Huron Valley corridor study: final report. July 1978.</subfield>
  </datafield>
  <datafield tag="955" ind1=" " ind2=" ">
    <subfield code="b">BENT</subfield>
    <subfield code="p">39015071846120</subfield>
    <subfield code="z">Schimpeler-Corradino Associates, Potential transportation improvement solutions for the Huron Valley Corridor. Nov. 1976</subfield>
  </datafield>
  <datafield tag="955" ind1=" " ind2=" ">
    <subfield code="b">BENT</subfield>
    <subfield code="p">39015071846138</subfield>
    <subfield code="z">Schimpeler-Corradino Associates, Huron Valley corridor study: sketch planning analysis of alternatives. Apr. 1977</subfield>
  </datafield>
  <datafield tag="955" ind1=" " ind2=" ">
    <subfield code="b">BENT</subfield>
    <subfield code="p">39015071846146</subfield>
    <subfield code="z">Schimpeler-Corradino Associates, Huron Valley corridor study: summary detailed planning analysis of alternatives. Oct. 1977</subfield>
  </datafield>
  <datafield tag="955" ind1=" " ind2=" ">
    <subfield code="b">BENT</subfield>
    <subfield code="p">39015071846153</subfield>
    <subfield code="z">Schneider Group, Response to request for proposal for the development of city-owned property at Packard and Main Streets, 1987</subfield>
  </datafield>
  <datafield tag="955" ind1=" " ind2=" ">
    <subfield code="b">BENT</subfield>
    <subfield code="p">39015071846161</subfield>
    <subfield code="z">Schneider Group, Courtyards of The Seasons: a home ownership development, 1988</subfield>
  </datafield>
  <datafield tag="955" ind1=" " ind2=" ">
    <subfield code="b">BENT</subfield>
    <subfield code="p">39015071846179</subfield>
    <subfield code="z">Sullivan, Carol, and Griffin, Denise, Downtown parking: the situation, the need, the prospects. For Ann Arbor Tomorrow. July 1976.</subfield>
  </datafield>
  <datafield tag="955" ind1=" " ind2=" ">
    <subfield code="b">BENT</subfield>
    <subfield code="p">39015071846187</subfield>
    <subfield code="z">Technical Network Inc., A Report on population and housing based on the 1960-1970-1980 federal census: Ann Arbor, Michigan: prepared for Arbor Main Place proposed development. July 1984</subfield>
  </datafield>
  <datafield tag="955" ind1=" " ind2=" ">
    <subfield code="b">BENT</subfield>
    <subfield code="p">39015071846195</subfield>
    <subfield code="z">TransPlan, Inc., Master plan for Ann Arbor Airport: phase I. [1975?]</subfield>
  </datafield>
  <datafield tag="955" ind1=" " ind2=" ">
    <subfield code="b">BENT</subfield>
    <subfield code="p">39015071846203</subfield>
    <subfield code="z">W.C. Gilman &amp; Co., City of Ann Arbor, Michigan, technical transit study. June 1969</subfield>
  </datafield>
  <datafield tag="955" ind1=" " ind2=" ">
    <subfield code="b">BENT</subfield>
    <subfield code="p">39015071846211</subfield>
    <subfield code="z">W.C. Gilman &amp; Co., City of Ann Arbor, Michigan, technical transit study, second interim report to the Transportation Authority, Feb. 1969</subfield>
  </datafield>
  <datafield tag="955" ind1=" " ind2=" ">
    <subfield code="b">BENT</subfield>
    <subfield code="p">39015071846229</subfield>
    <subfield code="z">Wayne C. Johnson &amp; Associates, Economic impact study, Arbor Main proposed development: 180 apartment unites, 13,185 square feet office, 10,497 square feet commercial, and a 304-car parking structure.</subfield>
  </datafield>
  <datafield tag="955" ind1=" " ind2=" ">
    <subfield code="b">BENT</subfield>
    <subfield code="p">39015071846237</subfield>
    <subfield code="z">Zuchelli, Hunter &amp; Associates, Assessment and evaluation of downtown redevelopment opportunities, Ann Arbor, Michigan: prepared for the City of Ann Arbor, Michigan, the Ann Arbor Downtown Development</subfield>
  </datafield>
  <datafield tag="955" ind1=" " ind2=" ">
    <subfield code="b">BENT</subfield>
    <subfield code="p">B1063171</subfield>
  </datafield>
</record>
